4110 5782
874 387 941 443 DE
963 386 1068 448 MOT
1067 387 1100 446 U
1119 386 1375 446 CORPORUM

548 642 920 716 PROPOSITIO
974 642 1152 718 XXIX.
1227 641 1563 714 PROBLEMA
1615 642 1692 715 Vl.

393 832 518 905 Posito
534 831 633 928 quod
643 831 790 926 corpori
812 830 852 901 in
869 830 1019 926 cycloide
1042 830 1227 903 oscillunli
1241 830 1430 903 resistitur
1444 832 1485 903 in
1503 831 1690 926 duplicata
1709 833 1850 903 ratione

614 946 833 1020 velocilalis:
867 946 1031 1018 invenire
1047 947 1285 1019 resistentiam
1303 946 1353 1040 in¹
1362 948 1446 1021 locis
1461 949 1626 1044 singulis.

460 1135 519 1207 Sit
546 1135 620 1205 Ba
649 1157 754 1205 arcus
785 1130 1011 1205 oscillatione
1042 1132 1185 1229 integra
1215 1131 1429 1226 descriptus
1461 1133 1583 1228 sitque
1621 1134 1655 1205 C
1682 1133 1847 1206 infimum

392 1248 567 1345 cycloidis
598 1264 785 1344 punctum,
815 1247 851 1320 81
881 1248 914 1320 C
923 1249 960 1320 Z
989 1248 1152 1321 semissis
1181 1274 1286 1321 arcus
1321 1246 1495 1343 cycloidis
1523 1249 1644 1333 totiuS,
1689 1246 1847 1344 longitu-

392 1365 469 1438 dini
499 1365 651 1461 penduli
682 1363 854 1460 aequalis3
882 1363 918 1436 u
946 1380 1133 1458 quaeratur
1160 1363 1367 1436 resistentia
1397 1364 1560 1458 corporis
1587 1363 1622 1434 in
1650 1363 1731 1436 loco
1758 1389 1846 1458 qup-

392 1483 449 1556 vis
483 1484 534 1555 D.
606 1482 762 1555 Secetur
792 1496 892 1552 recta
922 1480 1064 1553 infinita
1096 1481 1176 1568 OQ
1204 1479 1240 1552 in
1267 1480 1412 1574 punctis
1438 1480 1482 1566 O,
1502 1480 1542 1565 S,
1561 1480 1607 1564 P,
1630 1479 1672 1567 Q,
1692 1505 1737 1551 ea
1753 1477 1845 1575 lege,

392 1614 434 1672 ut
464 1598 509 1695 (si
538 1599 725 1695 erigantur
752 1594 1014 1692 perpendicula
1044 1597 1140 1673 OK.
1172 1597 1206 1667 S
1220 1597 1261 1681 T,
1288 1596 1371 1681 Pl,
1403 1595 1495 1683 QE,
1529 1609 1729 1689 centroque
1753 1595 1787 1666 O
1811 1594 1847 1666 dc

392 1715 612 1810 asymptotis
632 1714 728 1799 OK,
751 1713 832 1802 OQ
849 1711 1077 1785 describatur
1093 1709 1296 1808 hyperbola
1321 1712 1386 1783 TI
1389 1711 1470 1783 GE
1484 1735 1614 1782 secans
1632 1709 1846 1805 perpendic-

393 1828 453 1902 ula
472 1831 506 1902 S
515 1831 554 1915 T,
573 1830 648 1915 Pl,
669 1830 750 1919 QE
767 1830 803 1901 in
829 1830 868 1914 T,
887 1829 917 1899 l
930 1826 966 1900 &
983 1829 1031 1911 E,
1052 1826 1088 1900 &
1105 1853 1171 1922 per
1188 1844 1365 1922 punctum
1383 1829 1413 1899 l
1425 1842 1556 1925 agatur
1572 1828 1620 1898 K
1621 1829 1663 1898 F
1674 1824 1847 1922 parallela

392 1961 605 2042 asymptoto
634 1947 714 2035 OQ
741 1970 935 2019 occurrens
958 1959 1171 2041 asymptoto
1192 1945 1283 2017 OK
1297 1945 1332 2016 in
1351 1945 1403 2029 K,
1424 1943 1748 2041 &perpendiculis
1767 1945 1801 2016 S
1816 1944 1853 2015 T
1960 2017 1962 2021 ,

394 2061 430 2133 8ι
450 2062 536 2150 QE
553 2063 589 2133 in
607 2063 643 2134 L
664 2062 700 2134 dc
716 2063 759 2133 F
762 2061 776 2160 l
797 2061 906 2134 suerit
926 2087 1012 2134 area
1036 2060 1274 2157 hyperbolica
1290 2063 1368 2134 Pl
1373 2063 1414 2133 E
1425 2061 1459 2150 Q
1485 2061 1533 2132 ad
1559 2085 1683 2132 aream
1714 2060 1845 2155 hyper-

393 2175 550 2250 bolicam
567 2179 645 2250 Pl
658 2178 696 2249 Τ
701 2178 735 2250 S
748 2193 790 2250 ut
805 2203 912 2251 arcus
929 2178 968 2249 B
981 2178 1015 2251 C
1028 2176 1209 2250 descensu
1228 2178 1391 2274 corporis
1417 2177 1622 2272 descriptus
1648 2177 1695 2249 ad
1719 2202 1844 2249 arcum

396 3698 431 3770 C
436 3723 460 3769 a
478 3723 632 3771 ascensu
651 3699 886 3793 descriptum,
907 3700 943 3773 81
961 3726 1047 3775 area
1064 3704 1093 3774 l
1101 3705 1142 3775 E
1150 3705 1193 3775 F
1203 3705 1251 3776 ad
1270 3731 1393 3778 aream
1412 3709 1477 3781 IL
1493 3710 1531 3780 T
1542 3725 1582 3781 ut
1602 3711 1676 3798 OQ
1695 3711 1743 3783 ad
1764 3714 1842 3785 OS.

396 3813 494 3886 Dein
513 3814 776 3909 perpendiculo
793 3816 904 3887 MN
917 3817 1155 3891 abscindatur
1177 3845 1263 3892 area
1287 3821 1524 3917 hyperbolica
1549 3826 1625 3898 Ρ]
1631 3829 1682 3898 Ν
1688 3829 1744 3899 Μ
1764 3854 1848 3923 quae

392 3929 441 4001 sit
466 3931 514 4002 ad
541 3956 664 4004 aream
691 3930 966 4027 hyperbolicam
991 3935 1030 4006 P
1042 3936 1072 4006 Ι
1077 3936 1118 4006 E
1129 3936 1162 4023 Q
1190 3951 1230 4008 ut
1256 3961 1362 4010 arcus
1384 3940 1417 4013 C
1424 3942 1460 4011 Z
1475 3940 1522 4013 ad
1542 3968 1667 4015 arcum
1683 3946 1723 4015 B
1737 3946 1771 4018 C
1785 3946 1848 4017 de-

392 4071 524 4118 scensu
556 4048 791 4143 descriptum.
848 4049 900 4122 Et
930 4050 960 4122 si
991 4051 1255 4146 perpendiculo
1280 4056 1321 4126 R
1335 4056 1371 4127 G
1403 4057 1641 4130 abscindatur
1666 4086 1751 4134 area
1782 4061 1848 4158 hy-

393 4161 578 4256 perbolica
593 4164 632 4235 P
642 4165 671 4235 l
681 4165 717 4236 G
728 4165 778 4252 R,
798 4191 882 4260 quae
900 4165 949 4237 sit
966 4166 1014 4238 ad
1028 4192 1152 4240 aream
1178 4170 1216 4240 P
1228 4171 1258 4241 l
1264 4172 1305 4242 E
1315 4172 1349 4259 Q
1376 4187 1418 4245 ut
1442 4198 1548 4245 arcus
1580 4175 1734 4269 quilibet
1767 4179 1801 4251 C
1808 4180 1851 4250 D

392 4277 441 4350 ad
458 4303 583 4351 arcum
601 4280 640 4350 B
652 4280 687 4352 C
700 4280 882 4353 descensu
913 4298 994 4355 toto
1022 4283 1267 4380 descriptum;
1295 4289 1364 4360 erit
1396 4290 1603 4364 resistentia
1634 4293 1670 4364 in
1700 4291 1780 4367 loco
1808 4296 1851 4366 D

392 4457 440 4529 ad
458 4459 535 4530 vim
552 4459 755 4555 gravitatis,
775 4477 816 4533 ut
833 4487 919 4534 area
939 4399 1023 4507 Q
1042 4465 1071 4535 l
1076 4465 1117 4536 E
1126 4466 1168 4536 F
1169 4467 1241 4537 -l
1251 4467 1287 4538 G
1297 4468 1348 4539 H
1360 4468 1407 4539 ad
1425 4494 1550 4541 aream
1567 4472 1606 4543 P
1615 4472 1644 4542 l
1650 4472 1701 4543 N
1707 4473 1766 4545 M.

940 4521 973 4593 0
990 4522 1024 4610 Q

461 4633 562 4705 Nam
580 4659 664 4706 cum
678 4636 776 4708 vires
793 4662 816 4708 a
832 4638 1016 4733 gravitate
1034 4638 1199 4713 oriunda:
1217 4640 1351 4736 quibus
1369 4669 1502 4739 corpus
1521 4644 1557 4716 in
1576 4641 1664 4719 locis
1683 4647 1725 4732 Z,
1739 4648 1785 4733 B,
1797 4648 1848 4731 D,

390 4774 414 4820 a
432 4765 592 4848 urgetur,
611 4751 684 4826 sint
702 4768 744 4825 ut
759 4778 865 4826 arcus
887 4756 921 4827 C
926 4756 970 4840 Z,
994 4756 1079 4842 CB,
1103 4759 1137 4830 C
1143 4758 1193 4843 D,
1216 4759 1288 4843 Ca,
1309 4759 1345 4832 &
1369 4786 1474 4833 arcus
1502 4758 1550 4833 illi
1577 4763 1651 4835 sint
1681 4779 1723 4837 ut
1753 4790 1849 4837 areae
