4088 5768
843 503 985 562 LIBER
1005 482 1206 563 PRIMUS.-
1679 522 1750 596 207

365 698 430 785 Ut,
462 698 493 771 si
524 697 623 771 vires
657 697 872 794 centripetae
902 696 1162 795 particularum
1198 698 1355 795 sphaerae
1390 699 1465 773 sint
1495 697 1681 794 reciproce
1711 713 1753 771 ut

293 814 480 890 distantiae
506 815 711 912 corpusculi
737 841 762 889 a
786 842 828 890 se
853 816 1018 904 attracti;
1050 816 1117 903 vis,
1144 841 1221 912 qua
1242 815 1499 912 corpusculum
1525 816 1637 889 situm
1664 816 1700 889 in
1727 818 1758 889 I

294 932 451 1006 trahitur
475 958 498 1005 a
523 933 671 1029 sphaera
701 947 789 1022 tota,
822 933 892 1006 erit
918 933 966 1005 ad
995 933 1081 1019 vim,
1113 958 1188 1028 qua
1214 933 1370 1007 trahitur
1399 934 1436 1007 in
1466 936 1513 1021 P,
1541 934 1578 1008 in
1609 937 1752 1010 ratione

293 1050 499 1148 composita
524 1076 572 1124 ex
595 1049 854 1147 subduplicata
878 1050 1020 1124 ratione
1043 1050 1228 1123 distantiae
1255 1051 1288 1122 S
1296 1052 1327 1123 I
1346 1050 1394 1124 ad
1421 1050 1636 1125 distantiam
1663 1055 1696 1126 S
1703 1056 1751 1142 P,

295 1167 331 1241 81
358 1168 501 1241 ratione
526 1167 784 1264 subduplicata
809 1168 866 1240 vis
893 1168 1107 1263 centripetae
1138 1167 1175 1240 in
1206 1165 1288 1242 loco
1317 1169 1351 1255 J,
1374 1194 1397 1241 a
1424 1168 1603 1265 particula
1627 1169 1752 1267 aliqua

294 1285 331 1359 in
366 1301 493 1359 centro
527 1284 704 1370 oriundae,
739 1284 788 1356 ad
823 1283 900 1356 vim
935 1283 1177 1379 centripetam
1212 1284 1249 1356 in
1284 1283 1367 1359 loco
1400 1285 1439 1358 P
1472 1286 1520 1359 ab
1552 1286 1684 1359 eadem
1713 1287 1750 1359 in

294 1418 420 1476 centro
446 1399 624 1498 particula
650 1400 853 1487 oriundam,
881 1399 919 1473 id
946 1415 1013 1487 est,
1041 1402 1183 1475 ratione
1208 1401 1466 1498 subduplicata
1492 1402 1750 1476 distantiarum

294 1520 329 1592 S
335 1520 369 1605 l,
401 1520 435 1592 S
442 1520 480 1591 P
509 1519 558 1591 ad
594 1517 751 1590 invicem
786 1517 981 1613 reciproce.
1056 1517 1132 1591 Hae
1166 1517 1251 1592 duae
1286 1520 1447 1593 rationes
1482 1519 1750 1617 subduplicatae

294 1650 522 1731 componunt
549 1636 730 1708 rationem
759 1632 990 1731 aequalitatis,
1020 1634 1057 1708 81
1077 1650 1274 1732 propterea
1300 1637 1537 1710 attractiones
1556 1637 1593 1710 in
1617 1639 1646 1710 l
1661 1637 1697 1711 &
1712 1639 1753 1710 P

294 1777 317 1824 a
342 1752 489 1848 sphaera
519 1767 598 1825 tota
626 1751 734 1825 lactae
765 1767 966 1848 aequantur.
1025 1751 1145 1826 Simili
1166 1767 1351 1849 computo,
1374 1753 1404 1826 si
1432 1755 1529 1828 vires
1556 1753 1749 1851 particula-

295 1893 375 1940 rum
405 1868 563 1965 sphaerae
593 1885 680 1941 sunt
711 1868 896 1964 reciproce
927 1869 963 1941 in
990 1867 1177 1965 duplicata
1206 1870 1349 1943 ratione
1379 1869 1647 1958 distantiarum,
1676 1872 1748 1947 col-

294 1982 428 2082 ligetur
450 1985 551 2082 quod
575 1986 745 2059 attractio
771 1985 808 2058 in
825 1985 855 2056 I
868 1984 916 2058 sit
940 1984 989 2056 ad
1016 1985 1271 2059 attractionem
1291 1986 1328 2058 in
1345 1987 1392 2072 P,
1411 2002 1452 2060 ut
1475 1986 1651 2061 distantia
1671 1989 1706 2062 S
1712 1990 1752 2061 P

295 2101 343 2175 ad
359 2100 517 2198 sphaerae
534 2101 849 2176 semidiametrum
868 2101 950 2173 SA
965 2131 977 2175 .·
1003 2100 1045 2173 Si
1063 2101 1161 2174 vires
1180 2100 1251 2175 illae
1269 2117 1356 2176 sunt
1373 2104 1559 2199 reciproce
1578 2104 1614 2176 in
1634 2103 1748 2201 tripli-

292 3613 375 3672 cata
399 3597 542 3672 ratione
571 3595 839 3682 distantiarum,
867 3593 1104 3670 attractiones
1130 3594 1167 3667 in
1194 3592 1224 3665 I
1245 3591 1282 3665 8ι
1308 3594 1348 3665 P
1371 3608 1480 3666 erunt
1509 3595 1557 3668 ad
1588 3596 1747 3672 invicem

292 3733 334 3791 ut
351 3716 385 3789 S
391 3717 430 3788 P
445 3715 551 3812 quarl.
570 3714 618 3788 ad
637 3715 672 3787 S
679 3715 720 3787 A
739 3713 873 3810 quad:
900 3712 941 3787 Si
960 3713 996 3785 in
1015 3709 1303 3808 quadruplicata,
1328 3724 1370 3782 ut
1393 3711 1428 3783 S
1434 3712 1555 3786 Pcub.
1584 3713 1632 3786 ad
1660 3716 1742 3789 SA

291 3833 367 3908 cub.
434 3832 550 3907 Unde
580 3856 664 3906 cum
694 3831 864 3905 attractio
890 3830 927 3903 in
957 3831 1004 3916 P,
1036 3829 1073 3902 in
1104 3829 1175 3902 hoc
1208 3826 1336 3901 ultimo
1367 3853 1464 3915 casu,
1496 3828 1649 3904 inventa
1677 3832 1747 3906 fuit

293 3951 477 4047 reciproce
504 3965 545 4024 ut
570 3949 731 4024 PScub.
747 3949 866 4034 xPI,
892 3947 1062 4020 attractio
1088 3945 1125 4018 in
1153 3945 1183 4018 I
1203 3944 1273 4018 erit
1298 3945 1484 4041 reciproce
1509 3962 1551 4019 ut
1576 3948 1658 4020 SA
1672 3950 1745 4025 cub.

304 4069 422 4154 xPI,
450 4067 572 4141 idest
600 4066 664 4164 (ob
690 4065 819 4138 datum
847 4065 928 4137 SA
941 4063 1030 4160 cub.)
1060 4063 1245 4159 reciproce
1269 4075 1310 4134 ut
1329 4060 1411 4134 PI.
1467 4061 1520 4136 Et
1542 4063 1671 4138 similis
1689 4080 1747 4139 est

291 4209 510 4283 progressus
528 4185 564 4257 in
583 4183 775 4259 infinitum
830 4181 1042 4255 Theorema
1059 4205 1150 4253 vero
1167 4179 1218 4251 sic
1236 4177 1518 4256 demonstratur.

358 4300 553 4375 Stantibus
578 4302 657 4399 jam
687 4315 774 4373 ante
804 4297 1031 4383 constructis,
1064 4294 1100 4368 81
1136 4294 1318 4369 existente
1348 4293 1566 4393 corpusculo
1596 4296 1633 4370 in
1663 4295 1746 4372 loco

290 4480 426 4581 quovis
459 4482 508 4572 P,
544 4480 741 4554 ordinatim
780 4479 964 4578 applicata
992 4479 1095 4552 DN
1122 4477 1274 4551 inventa
1303 4475 1372 4551 luit
1401 4492 1443 4550 ut
1475 4414 1742 4610 Βιξὲἒῦδ

291 4657 398 4757 Ergo
415 4655 446 4731 si
464 4671 598 4756 agatur
623 4657 652 4728 Ι
658 4655 707 4742 Ε,
726 4654 895 4729 ordinata
923 4652 984 4728 illa
1011 4680 1079 4751 pro
1106 4652 1179 4728 alio
1206 4651 1340 4750 quovis
1367 4651 1573 4749 corpusculi
1601 4652 1683 4729 loco
1710 4657 1744 4743 l,

411 4841 419 4857 .
616 4839 624 4855 .
897 4774 991 4847 DE
998 4800 1022 4870 q
1039 4797 1064 4847 ><
1080 4774 1110 4846 I
1119 4773 1153 4846 S
1385 4835 1393 4851 .
1579 4838 1587 4854 .

289 4856 441 4915 mutatis
459 4839 655 4926 mutandrs,
673 4837 810 4922 evadet
840 4853 881 4911 ut
900 4874 1164 4968 -I-E-xvz
1238 4837 1339 4910 Pone
1357 4861 1455 4910 vires
1473 4852 1705 4935 centnpetas,
1724 4866 1746 4915 e
