4110 5782
428 444 498 513 228
904 429 971 488 mi
991 426 1095 488 MOT
1096 424 1128 484 U
1147 417 1404 483 CORPORUM

426 661 548 713 curvae
571 634 604 709 C
612 633 657 719 Ρ,
679 631 713 706 C
723 629 757 721 Q
777 628 865 726 ipsis
883 626 923 700 A
939 625 988 711 D,
1008 619 1106 696 DK

426 777 575 850 semper
609 743 954 848 perpendiculares:
997 754 1105 815 erunt

429 871 654 945 incrementa
681 864 860 939 linearum
888 859 986 944 ΡΒ,
1007 856 1103 948 QD.

428 1002 540 1084 atque
559 982 644 1057 ideo
661 980 768 1055 linea:
787 979 877 1076 ipsae
901 975 993 1061 I'D,
1014 974 1104 1064 QJ),

430 1099 664 1178 incrementis
684 1097 761 1172 istis
778 1095 925 1196 genitae,
945 1107 985 1167 ut
1006 1092 1108 1165 sinus

431 1216 639 1294 incidentiae
659 1213 694 1290 &
721 1210 959 1312 emergentiae
985 1210 1032 1282 ad
1055 1207 1107 1282 in·
1530 1218 1550 1264 c

431 1334 574 1410 vicem:
603 1332 637 1407 8:
656 1345 791 1406 contra.

513 1642 884 1722 I’ROPOSITIO
931 1640 1148 1716 XCVIII.
1207 1643 1541 1720 PROBLEMA
1589 1644 1807 1718 XLVIII.

434 1835 569 1914 Itidem
594 1832 734 1933 positia,
773 1834 821 1913 ὢ*
854 1830 950 1906 circa
988 1856 1091 1905 axem
1127 1832 1215 1905 AB
1250 1833 1429 1933 dcscrzspla
1460 1833 1647 1931 superficie
1680 1857 1891 1930 quacunque

485 1967 683 2046 attractiva
712 1963 807 2054 CD,
833 1965 1001 2063 regulari
1023 1966 1082 2039 vel
1108 1965 1321 2063 irregulari]
1342 1980 1548 2066 perquam
1572 1977 1724 2065 corpora
1749 1967 1793 2039 de
1817 1969 1890 2040 laco
1981 1952 1984 1956 i
2015 2013 2017 2017 «

485 2102 571 2179 dato
606 2099 643 2175 Α
677 2098 846 2176 exeuntia
879 2099 1042 2174 tranare
1069 2097 1192 2174 debent
1204 2130 1216 2174 :
1253 2101 1417 2176 invenire
1447 2101 1667 2199 superficiem
1700 2100 1891 2174 secundam

486 2233 723 2314 attractabant
752 2231 847 2319 EF,
875 2257 956 2330 qua
980 2241 1130 2330 capara
1157 2234 1226 2307 illa
1253 2235 1307 2306 ad
1329 2237 1444 2308 lacum
1471 2237 1600 2308 dalum
1630 2236 1660 2306 B
1687 2260 1894 2331 convergere

477 2371 610 2471 saa'ai.

506 2572 642 2671 Juncta
669 2571 709 2644 A
727 2571 765 2644 B
792 2585 893 2644 secet
922 2567 1153 2665 superficiem
1181 2568 1337 2665 primam
1366 2571 1403 2643 in
1433 2572 1467 2645 C
1489 2571 1751 2646 &secundam
1780 2571 1816 2643 in
1844 2571 1893 2655 E,

441 2704 578 2789 puncto
603 2688 646 2762 D
664 2702 851 2784 utcunque
868 2701 1068 2783 assumpto.
1125 2685 1177 2758 Et
1202 2685 1325 2782 posito
1349 2687 1432 2760 sinu
1459 2687 1668 2762 incidentiae
1686 2690 1722 2761 in
1740 2687 1893 2785 superfi-

441 2808 536 2884 ciem
563 2805 718 2905 primam
747 2804 795 2878 ad
821 2804 942 2877 sinum
971 2804 1209 2901 emergentiae
1239 2829 1287 2877 ex
1312 2805 1454 2891 eadem,
1484 2805 1628 2878 &sinu
1656 2806 1894 2904 emergentiae

443 2951 465 3002 e
495 2922 688 3022 superficie
717 2920 880 2996 secunda
910 2920 958 2994 ad
988 2921 1110 2994 sinum
1141 2921 1350 2995 incidentiae
1376 2921 1413 2994 in
1444 2922 1611 3008 eandem,
1641 2939 1681 2995 ut
1708 2923 1896 3019 quantitas

442 3038 566 3139 aliqua
582 3039 670 3113 data
691 3037 731 3111 M
751 3037 799 3111 ad
817 3035 926 3111 aliam
944 3036 1071 3110 datam
1092 3035 1126 3109 N
1146 3063 1154 3109 :
1181 3037 1321 3134 produc
1339 3054 1417 3110 tum
1436 3039 1477 3111 A
1489 3039 1529 3111 B
1544 3039 1592 3112 ad
1622 3040 1666 3124 G,
1685 3055 1726 3112 ut
1739 3039 1787 3111 sit
1807 3038 1847 3109 B
1860 3037 1897 3109 G

452 4145 501 4221 ad
521 4140 814 4221 Mutii-N
835 4139 967 4225 adN;
994 4141 1385 4227 mmADadILut
1409 4143 1458 4215 sit
1482 4143 1588 4216 AH
1611 4144 1906 4241 aequalisAG:

451 4279 532 4338 tam
550 4261 662 4336 etiam
679 4259 774 4333 DF
784 4257 831 4332 ad
849 4257 902 4336 K.
920 4274 962 4331 ut
978 4259 1027 4331 sit
1045 4258 1147 4331 DK
1158 4259 1207 4332 ad
1232 4259 1337 4333 ΒΗ
1357 4275 1398 4332 ut
1416 4259 1453 4331 N
1473 4260 1522 4333 ad
1544 4260 1598 4334 m.
1662 4262 1786 4359 junge
1803 4264 1904 4337 KB.

454 4378 492 4455 ἃ
521 4396 649 4454 tantm
682 4376 727 4450 Ι)
755 4372 948 4449 interuallo
978 4376 1085 4448 DH
1113 4375 1282 4449 descn'be
1315 4375 1490 4449 circulum
1524 4396 1776 4451 occurrentem
1811 4380 1907 4450 KB

455 4495 643 4595 {mxiuetae
674 4494 711 4568 in
739 4492 787 4570 L.
818 4492 963 4588 ipsique
987 4491 1077 4565 DL
1107 4491 1318 4588 parallelam
1347 4518 1420 4591 age
1446 4494 1558 4568 BF:
1596 4495 1633 4567 &-
1664 4513 1839 4590 punctum
1870 4498 1912 4567 F

456 4626 586 4710 mnget
605 4610 740 4686 lineam
765 4609 807 4682 E
815 4610 859 4689 F.
885 4633 972 4707 quae
996 4609 1092 4682 eirca
1116 4633 1227 4682 :mem
1254 4609 1295 4681 A
1310 4609 1350 4681 B
1375 4608 1543 4683 oemluta
1568 4610 1752 4684 describet
1781 4638 1907 4708 super·

457 4728 577 4804 ficiem
594 4727 798 4824 qumsimm
850 4725 1004 4816 alif.
