4110 5782
661 409 1073 471 traansawuous
1525 408 1596 498 385

140 602 366 703 portionales
399 604 654 690 describendo
686 604 896 680 movebitur
932 604 1103 678 uniformi
1138 628 1222 676 cum
1257 617 1369 676 motu.
1449 601 1595 697 Corpus

141 739 277 811 autem,
296 723 398 820 quod
426 721 629 797 revolvitur
658 721 695 794 in
725 721 816 795 orbe
845 722 942 808 BE,
975 720 1114 794 tardius
1144 719 1356 796 movebitur
1380 720 1418 792 in
1448 716 1597 814 aphelio

141 841 180 912 B
207 838 244 913 81
270 838 433 914 velocius
464 839 500 912 in
532 836 709 935 perihelio
739 837 789 923 E,
820 838 1023 911 secundum
1054 835 1157 935 leges
1187 837 1474 922 astronomicas;
1510 860 1594 908 cum

142 972 268 1030 tamen
284 956 488 1031 secundum
506 953 608 1052 leges
626 954 857 1028 mechanicas
883 954 1036 1027 materia
1061 955 1211 1030 vorticis
1230 956 1266 1028 in
1293 955 1414 1051 spatio
1431 953 1594 1053 angusti-

141 1100 206 1173 ore
241 1075 336 1148 inter
364 1074 405 1146 Α
440 1072 476 1145 ἃ
509 1072 543 1145 C
568 1069 732 1147 velocius
762 1071 903 1145 moveri
938 1071 1073 1145 debeat
1101 1097 1213 1168 quam
1244 1072 1280 1144 in
1311 1070 1433 1168 spatio
1466 1069 1596 1144 latiore

141 1192 237 1265 inter
256 1193 299 1264 D
324 1189 361 1264 81
386 1191 427 1262 F
430 1221 446 1275 ,·
472 1189 509 1262 id
535 1203 601 1276 est,
621 1187 658 1261 in
684 1186 832 1284 aphelio
859 1187 1023 1262 velocius
1050 1214 1162 1286 quam
1191 1188 1228 1260 in
1256 1184 1442 1283 perihelio.
1496 1185 1593 1279 Quae

140 1307 216 1381 duo
234 1320 442 1405 repugnant
460 1305 555 1379 inter
570 1332 620 1380 se.
675 1305 738 1378 Sic
756 1305 793 1377 in
817 1304 996 1400 principio
1022 1305 1117 1404 signi
1143 1304 1307 1403 virginis,
1326 1303 1389 1377 ubi
1406 1301 1593 1399 aphelium

141 1423 268 1497 martis
290 1424 370 1521 jam
400 1438 577 1510 versatur,
596 1422 772 1495 distantia
799 1422 895 1496 inter
923 1422 1033 1495 orbes
1064 1420 1253 1495 martis&
1278 1418 1426 1495 veneris
1457 1435 1516 1495 est
1544 1419 1593 1492 ad

140 1541 354 1615 distantiam
382 1541 585 1614 eorundem
613 1540 757 1614 orbium
786 1539 822 1611 in
851 1538 1030 1635 principio
1048 1540 1143 1637 signi
1161 1540 1317 1636 piscium
1343 1553 1385 1611 ut
1412 1537 1593 1612 ternarius

139 1658 188 1731 ad
216 1659 397 1732 binarium
428 1659 578 1744 circiter,
598 1657 635 1731 81
662 1671 859 1752 propterea
886 1655 1040 1728 materia
1067 1656 1216 1729 vorticis
1244 1655 1340 1729 inter
1366 1655 1476 1730 orbes
1511 1652 1592 1729 illos

140 1779 176 1851 in
195 1778 373 1875 principio
391 1777 546 1874 piscium
564 1777 677 1850 debet
702 1801 785 1850 esse
810 1773 972 1851 velocior
988 1801 1101 1872 quam
1119 1776 1156 1848 in
1174 1775 1354 1872 principio
1379 1775 1534 1874 virginis
1553 1774 1589 1847 in

140 1894 282 1969 ratione
295 1893 443 1968 ternarii
457 1893 504 1966 ad
519 1893 709 1966 binarium.
759 1892 859 1965 Nam
873 1918 948 1989 quo
961 1893 1154 1990 angustius
1168 1907 1225 1966 est
1238 1893 1398 1988 spatium
1412 1917 1479 1989 per
1490 1890 1592 1988 quod

140 2010 272 2084 eadem
290 2011 454 2084 materiae
480 2010 666 2106 quantitas
697 2008 830 2082 eodem
857 2007 1096 2083 revolutionis
1122 2009 1230 2083 unius
1257 2025 1424 2105 tempore
1451 2007 1591 2092 transit,

140 2153 187 2201 eo
221 2128 349 2225 majori
384 2152 468 2200 cum
502 2124 698 2199 velocitate
733 2125 888 2200 transire
922 2127 1044 2200 debet
1114 2127 1233 2224 Igitur
1265 2126 1297 2200 si
1327 2141 1425 2200 terra
1456 2126 1491 2199 in
1523 2125 1593 2198 hac

140 2244 294 2316 materia
311 2241 451 2317 coelesti
470 2241 623 2316 relative
640 2242 834 2339 quiescens
851 2244 900 2316 ab
917 2269 963 2317 ea
979 2243 1192 2331 deferretur,
1212 2242 1249 2317 8c
1272 2269 1346 2316 una
1362 2243 1459 2317 circa
1475 2240 1593 2316 solem

144 2357 407 2449 revolveretur,
434 2359 530 2434 soret
555 2359 663 2457 hujus
688 2357 865 2434 velocitas
896 2360 933 2433 in
961 2360 1141 2458 principio
1167 2361 1322 2456 piscium
1349 2359 1397 2433 ad
1424 2360 1592 2458 ejusdem

140 2474 375 2550 velocitatem
419 2477 456 2549 in
498 2476 678 2572 principio
712 2477 866 2575 virginis
900 2477 937 2550 in
970 2478 1110 2551 ratione
1144 2475 1394 2574 sesquialtera
1479 2474 1593 2549 Unde

140 2592 228 2667 solis
246 2610 369 2667 motus
386 2593 539 2667 diurnus
562 2618 745 2690 apparens
769 2594 805 2666 in
834 2593 1013 2691 principio
1041 2595 1193 2694 virginis
1222 2596 1339 2694 major
1365 2608 1464 2669 esset
1481 2618 1593 2690 quam

141 2712 366 2786 minutorum
400 2712 601 2808 primorum
636 2711 880 2808 septuaginta,
920 2710 957 2785 81
992 2712 1028 2785 in
1064 2711 1243 2809 principio
1277 2711 1433 2806 piscium
1474 2709 1595 2781 minor

141 2853 252 2924 quam
271 2829 495 2902 minutorum
514 2827 760 2925 quadraginta
778 2827 814 2900 ἃ
831 2843 939 2904 octo:
966 2854 1049 2902 cum
1077 2845 1200 2904 tamen
1222 2827 1464 2927 (experientia
1481 2825 1592 2924 teste)

140 2971 325 3042 apparens
356 2946 426 3019 iste
452 2944 541 3019 solis
572 2960 694 3019 motus
726 2945 844 3042 major
873 2946 921 3018 sit
951 2946 987 3019 in
1019 2946 1198 3042 principio
1226 2944 1381 3041 piscium
1412 2970 1523 3041 quam
1555 2945 1592 3017 in

141 3060 320 3156 principio
338 3061 501 3159 virginis,
517 3061 553 3134 8ι
565 3079 763 3158 propterea
780 3077 878 3135 terra
887 3061 1049 3138 velocior
1060 3065 1095 3156 in
1111 3063 1290 3161 principio
1308 3062 1461 3161 virginis
1479 3088 1592 3160 quam
1657 3119 1666 3133 .

142 3176 178 3250 in
196 3177 376 3274 principio
403 3179 568 3274 piscium.
625 3179 757 3276 Itaque
785 3180 1002 3276 hypothesis
1028 3182 1209 3255 vorticum
1227 3206 1310 3254 cum
1337 3181 1592 3278 phaenomenis

143 3293 398 3368 astronomicis
429 3296 581 3369 omnino
608 3311 759 3395 pugnat,
780 3296 816 3369 &
847 3321 920 3370 non
949 3313 1025 3370 tam
1053 3298 1102 3371 ad
1132 3297 1371 3395 explicandos
1401 3325 1513 3396 quam
1544 3299 1592 3373 ad

141 3412 411 3508 perturbandos
439 3428 561 3486 motus
588 3411 758 3487 coelestes
786 3413 967 3488 conducit
1030 3414 1231 3508 Quomodo
1261 3442 1351 3499 vero
1382 3431 1504 3492 motus
1533 3415 1592 3490 isti

141 3528 179 3601 in
206 3530 334 3625 spatiis
362 3527 485 3603 liberis
512 3531 593 3604 sine
622 3531 822 3604 vorticibus
849 3547 1076 3628 peraguntur
1103 3531 1256 3630 intelligi
1285 3549 1409 3629 potest
1426 3558 1473 3606 ex
1498 3530 1592 3607 libro

142 3646 271 3740 primo,
290 3646 327 3720 82
345 3647 380 3718 in
400 3647 528 3720 mundi
546 3663 748 3745 systemate
759 3649 839 3746 jam
857 3646 1001 3743 plenius
1019 3649 1218 3724 docebitur.
1255 3734 1258 3740 ¹
