4088 5768
835 381 977 442 rraan
1001 334 1202 445 rannus
1679 401 1753 472 479

290 557 484 656 longitudo
501 557 631 633 ultimo
649 559 855 646 observata,
875 560 937 632 ubi
963 576 1108 636 cometa
1133 562 1251 635 videri
1278 561 1423 635 desinit.
1479 559 1628 657 Agatur
1652 576 1752 633 recta

289 679 330 750 A
344 679 384 750 B
397 679 435 763 C,
466 678 568 774 cujus
596 691 719 773 partes
737 677 778 748 A
792 677 839 762 B,
858 678 898 749 B
910 679 944 750 C
967 680 1075 752 rectis
1101 679 1190 768 QA
1213 679 1249 752 ἃ
1268 679 1363 769 QB,
1384 678 1468 767 QB
1486 676 1522 749 ἃ
1541 677 1575 766 Q
1591 677 1625 749 C
1639 676 1750 749 inter-

284 797 395 893 jecta:
426 795 500 868 sint
524 795 572 867 ad
604 794 762 867 invicem
790 810 832 867 ut
866 810 1034 892 tempora
1062 796 1157 869 inter
1185 797 1464 870 observationes
1501 811 1574 867 tres
1601 795 1748 890 primas.

293 912 521 984 Producatur
545 912 586 983 A
607 911 642 983 C
655 911 702 982 ad
725 912 770 999 G,
790 927 831 983 ut
848 912 896 985 sit
913 913 954 983 A
971 912 1007 984 G
1032 912 1081 984 ad
1107 914 1148 984 A
1161 913 1201 984 B
1217 929 1258 985 ut
1286 928 1433 1009 tempus
1462 912 1558 984 inter
1574 911 1748 984 observa-

289 1029 429 1101 tionem
447 1029 603 1123 primam
623 1025 659 1098 &
676 1024 842 1099 ultimam
860 1027 909 1099 ad
936 1042 1083 1123 tempus
1107 1029 1203 1102 inter
1220 1029 1518 1103 observationem
1537 1028 1694 1123 primam
1714 1026 1750 1099 ἃ

289 1148 499 1230 secundam,
520 1146 556 1219 a
577 1147 757 1242 jungatur
783 1145 879 1234 QG.
937 1146 989 1219 Et
1006 1147 1036 1218 si
1056 1164 1201 1220 cometa
1227 1163 1439 1222 moveretur
1463 1144 1695 1218 uniformiter
1712 1145 1748 1217 in

289 1264 386 1338 linea
405 1281 512 1350 recta,
528 1280 640 1360 atque
659 1279 756 1336 terra
772 1263 832 1335 vel
851 1263 1065 1359 quiesceret,
1081 1263 1140 1337 vel
1159 1266 1270 1338 etiarn
1291 1267 1326 1337 in
1344 1266 1442 1338 linea
1460 1280 1560 1337 recta
1577 1263 1749 1336 uniformi

289 1408 372 1454 cum
400 1397 503 1454 motu
535 1379 844 1476 progrederetur3
879 1377 974 1451 foret
1008 1380 1165 1477 angulus
1204 1382 1332 1471 nQG
1362 1381 1556 1479 longitudo
1591 1396 1745 1453 cometae

289 1514 456 1594 tempore
483 1495 752 1570 observationis
771 1493 919 1568 ultimae.
976 1495 1149 1593 Angulus
1169 1496 1279 1593 igitur
1295 1499 1337 1569 F
1343 1498 1377 1587 Q
1395 1500 1438 1583 G,
1459 1498 1522 1593 qui
1548 1496 1747 1594 longitudi-

290 1641 378 1687 num
397 1615 605 1687 differentia
622 1628 687 1698 est,
707 1612 822 1685 oritur
838 1612 886 1685 ab
913 1612 1162 1708 inaequalitate
1189 1629 1355 1687 motuum
1383 1629 1537 1686 cometae
1566 1639 1608 1685 ac
1626 1631 1743 1688 terrae.

293 1732 368 1803 Hic
385 1748 509 1803 autem
528 1729 694 1826 angulus,
714 1730 744 1800 si
763 1729 914 1802 terra&
933 1745 1077 1802 cometa
1105 1731 1141 1802 in
1168 1731 1368 1803 contrarias
1397 1746 1521 1825 partes
1539 1747 1746 1818 moventur,

289 1850 438 1921 additur
455 1847 592 1945 angulo
617 1867 643 1920 ‘r
661 1847 695 1936 Q
711 1848 754 1931 G,
774 1846 810 1918 81
828 1847 880 1919 sic
908 1863 1050 1919 motum
1079 1864 1319 1943 apparentem
1346 1863 1500 1920 cometae
1525 1846 1747 1922 velociorem

288 1967 433 2039 reddit:
461 1967 517 2037 sin
544 1979 689 2037 cometa
714 1965 836 2061 pergit
863 1965 898 2036 in
925 1964 1076 2037 easdem
1095 1981 1319 2060 partescum
1338 1980 1445 2053 terra,
1465 1964 1588 2036 eidem
1606 1965 1744 2037 subdu-

289 2085 391 2168 citur,
411 2098 627 2177 motumque
645 2096 801 2153 cometae
819 2078 880 2152 vel
899 2080 1097 2152 tardiorem
1117 2080 1248 2168 reddit,
1268 2079 1327 2153 vel
1354 2080 1449 2153 sorte
1468 2079 1745 2176 retrogradum;

289 2203 342 2275 uti
373 2201 486 2274 modo
520 2198 685 2294 exposui.
755 2196 883 2269 Oritur
913 2197 1025 2294 igitur
1059 2196 1117 2270 hic
1152 2195 1308 2292 angulus
1343 2194 1529 2291 praecipue
1564 2220 1612 2281 ex,
1642 2211 1745 2269 motu

289 2334 406 2402 terrae,
427 2318 463 2389 dc
491 2315 625 2387 idcirco
644 2338 711 2409 pro
728 2312 905 2409 parallaxi
934 2330 1089 2387 cometae
1116 2315 1247 2386 merito
1274 2313 1467 2386 habendus
1491 2329 1557 2399 est,
1577 2311 1747 2410 neglecto
1799 2380 1802 2383 ⁴

289 2434 462 2508 videlicet
489 2434 569 2531 ejus
598 2432 825 2504 incremento
842 2430 902 2503 vel
931 2431 1168 2504 decremento
1198 2428 1384 2516 nonnullo,
1413 2428 1514 2524 quod
1542 2455 1565 2500 a
1591 2445 1745 2503 cometa:

290 2570 392 2627 motu
410 2548 621 2648 inaequabili
644 2549 681 2621 in
699 2549 789 2622 orbe
806 2548 956 2645 proprio
974 2549 1059 2622 oriri
1077 2528 1204 2645 possit.
1262 2546 1462 2621 Distantia·
1475 2571 1564 2619 vero
1591 2562 1746 2620 cometa}

291 4705 339 4755 ex
356 4680 425 4752 hac
443 4675 617 4775 parallaxi
645 4675 697 4748 sic
715 4673 905 4772 colligitur.
963 4671 1148 4771 Designet
1165 4671 1199 4743 S
1214 4667 1340 4756 solem,
1358 4693 1413 4741 ac
1433 4668 1471 4741 T
1491 4666 1619 4742 orbem
1640 4691 1744 4765 mag-

292 4825 391 4887 num,
409 4822 433 4868 a
450 4793 569 4870 locum
589 4808 696 4868 terrae
714 4792 751 4864 in
769 4789 1029 4866 observatione
1046 4789 1173 4886 prima,
1191 4814 1209 4861 c
1226 4786 1345 4863 locum
1373 4802 1481 4860 terrae
1508 4786 1544 4858 in
1571 4785 1745 4859 observa-
