4088 5768
807 437 948 496 LIBER
969 436 1222 497 SECUNDUS.
1671 455 1743 528 379

358 639 439 712 Cos.
461 660 491 729 3.
524 634 725 708 Dividatur
736 633 815 730 jam
833 630 991 704 annulus
1009 631 1264 727 unusquisque
1281 630 1507 704 sectionibus
1527 632 1747 703 transversis

290 757 325 828 in
344 752 541 852 particulas
566 753 776 824 innumeras
803 750 1069 823 constituentes
1095 747 1340 820 substantiam
1366 745 1591 820 absolute&
1610 748 1745 821 unifor-

290 874 399 946 miter
432 871 605 954 fluidam;
650 869 686 941 &
716 866 892 963 quoniam
931 865 989 937 hae
1024 865 1207 938 sectiones
1239 889 1313 937 non
1344 880 1515 959 spectant
1544 867 1592 937 ad
1624 864 1746 963 legem

290 1006 412 1064 motus
430 985 622 1072 circularis,
641 986 708 1058 sed
732 985 780 1057 ad
808 983 1109 1056 constitutionem
1133 982 1238 1054 fluidi
1265 980 1499 1055 solummodo
1525 981 1746 1065 conducunt,

289 1105 543 1202 perseverabit
560 1117 682 1176 motus
700 1100 884 1174 circularis
902 1114 943 1172 ut
961 1101 1071 1195 prius.
1130 1100 1204 1172 His
1221 1098 1447 1172 sectionibus
1473 1096 1598 1190 annuli
1617 1123 1747 1171 omnes

290 1249 401 1319 quam
421 1221 561 1293 minimi
579 1221 815 1315 asperitatem
835 1217 871 1290 a
889 1217 966 1289 vim
984 1217 1130 1289 attritus
1149 1216 1266 1289 mutui
1284 1229 1349 1287 aut
1367 1238 1440 1287 non
1459 1215 1665 1300 mutabunt,
1683 1230 1749 1287 aut

289 1340 485 1411 mutabunt
518 1335 718 1434 aequaliter.
787 1336 839 1408 Et
874 1350 1048 1406 manente
1079 1358 1273 1406 causarum
1308 1333 1548 1427 proportione
1584 1331 1749 1405 manebit

289 1457 487 1530 effectuum
522 1456 722 1552 proportio,
759 1455 828 1527 hoc
863 1469 929 1538 est,
966 1453 1154 1548 proportio
1198 1466 1364 1525 motuum
1407 1451 1443 1523 81
1478 1454 1747 1547 periodicorum

291 1590 510 1670 temporum.
591 1573 634 1661 Q.
649 1574 697 1645 E.
712 1573 762 1645 D.
843 1572 1030 1644 Caeterum
1074 1595 1156 1642 cum
1201 1584 1323 1642 motus
1359 1568 1553 1655 circularis,
1591 1571 1627 1644 &
1662 1573 1749 1645 inde

290 1706 371 1763 orta
388 1691 446 1762 vis
474 1689 688 1786 centrisuga,
708 1689 826 1786 major
855 1688 903 1759 sit
930 1687 978 1758 ad
1007 1684 1213 1781 eclipticam
1232 1711 1343 1780 quam
1371 1687 1420 1757 ad
1442 1685 1569 1782 polos;
1596 1688 1749 1761 debebit

290 1831 401 1878 causa
418 1803 542 1901 aliqua
559 1806 691 1878 adesse
709 1831 783 1901 qua
801 1801 989 1901 particulae
1007 1802 1162 1900 singulae
1182 1802 1218 1874 in
1237 1800 1379 1876 circulis
1406 1805 1481 1877 suis
1500 1806 1747 1889 retineantur;

292 1948 339 1996 ne
369 1923 531 2007 materia,
553 1947 638 2017 quae
666 1920 714 1993 ad
742 1919 946 2017 eclipticam
973 1934 1039 2004 est,
1063 1919 1212 1992 recedat
1237 1944 1386 2015 semper
1413 1945 1436 1991 a
1464 1935 1591 1994 centro
1620 1921 1657 1994 dc
1682 1946 1750 2016 per

290 2037 474 2110 exteriora
499 2037 648 2110 vorticis
675 2038 809 2135 migret
833 2039 882 2110 ad
913 2035 1028 2133 polos
1049 2037 1211 2132 indeque
1237 2061 1305 2131 per
1330 2061 1439 2108 axem
1465 2035 1514 2108 ad
1542 2036 1748 2133 eclipticam

290 2153 527 2228 circulatione
544 2169 724 2249 perpetua
742 2169 956 2227 revertatur.

361 2270 480 2344 Corol.
507 2294 534 2343 1.
568 2270 669 2343 Hinc
687 2285 809 2343 motus
835 2269 1030 2367 angulares
1056 2271 1215 2365 partium
1244 2268 1346 2342 fluidi
1378 2271 1472 2343 circa
1497 2294 1606 2342 axem
1637 2268 1748 2366 globi,

291 2401 377 2459 sunt
405 2387 590 2482 reciproce
615 2401 658 2458 ut
684 2387 865 2482 quadrata
888 2386 1146 2458 distantiarum
1173 2411 1196 2458 a
1221 2400 1351 2458 centro
1378 2384 1489 2483 globi,
1511 2385 1547 2458 &
1575 2384 1748 2459 velocita-

292 2519 349 2576 tes
382 2500 563 2576 absolutae
593 2503 778 2598 reciproce
813 2517 854 2575 ut
883 2503 1016 2575 eadem
1047 2502 1227 2599 quadrata
1257 2501 1441 2598 applicata
1474 2502 1523 2575 ad
1554 2503 1750 2576 distantias

293 2620 341 2692 ab
359 2644 438 2692 axe.

363 2737 481 2808 Corol.
504 2759 534 2809 2.
563 2735 604 2808 Si
622 2733 756 2832 globus
785 2737 821 2808 in
854 2736 968 2808 fluido
998 2736 1213 2832 quiescente
1243 2733 1393 2808 similari
1423 2735 1460 2808 dc
1487 2735 1630 2810 infinito
1656 2738 1751 2811 circa

292 2877 407 2928 axem
430 2852 615 2947 positione
642 2852 770 2925 datum
798 2853 969 2926 uniformi
1001 2879 1085 2926 cum
1113 2868 1215 2926 motu
1251 2852 1473 2939 revolvatur,
1503 2856 1750 2928 communica-

292 2970 393 3042 bitur
422 2984 546 3042 motus
577 2969 690 3043 fluido
722 2972 757 3043 in
790 2996 930 3044 morem
959 2971 1120 3060 vorticis,
1145 2970 1181 3043 &
1212 2987 1334 3045 motus
1365 2971 1435 3044 iste
1461 2969 1638 3066 paulatim
1668 2999 1751 3069 pro-

293 3087 491 3184 pagabitur
509 3086 545 3157 in
565 3085 767 3174 infinitum;
795 3112 917 3183 neque
935 3089 1036 3183 prius
1053 3089 1214 3161 'cessabit
1232 3090 1268 3160 in
1292 3086 1446 3185 singulis
1464 3088 1566 3161 fluidi
1586 3092 1752 3185 partibus

293 3201 498 3286 accelerari,
535 3226 647 3297 quam
691 3217 859 3298 tempora
901 3205 1089 3299 periodica
1130 3204 1357 3302 singularum
1402 3206 1560 3301 partium
1603 3208 1678 3280 sint
1712 3224 1754 3281 ut

295 3318 478 3415 quadrata
495 3316 751 3391 distantiarum
770 3346 793 3391 a
811 3334 937 3393 centro
955 3319 1065 3417 globi.

363 3437 483 3510 Corol.
506 3458 537 3528 3.
568 3434 755 3527 Quoniam
786 3436 936 3509 vorticis
968 3453 1092 3533 partes
1124 3438 1315 3512 interiores
1350 3439 1399 3510 ob
1434 3441 1611 3536 majorem
1647 3466 1752 3513 suam

293 3552 529 3628 velocitatem
556 3565 718 3624 atterunt
737 3553 772 3624 ἃ
791 3570 924 3651 urgent
949 3556 1160 3640 exteriores,
1180 3571 1397 3649 motumque
1425 3556 1513 3651 ipsis
1539 3583 1584 3629 ea
1609 3558 1754 3631 actione

294 3686 476 3766 perpetuo
502 3669 786 3758 communicant,
806 3671 1061 3744 &exteriores
1089 3670 1138 3743 illi
1166 3672 1324 3744 eandem
1355 3686 1478 3743 motus
1509 3673 1753 3768 quantitatem

293 3788 329 3859 in
365 3785 458 3859 alios
492 3785 613 3857 adhuc
642 3787 842 3860 exteriores
877 3786 984 3859 simul
1013 3787 1244 3872 transferunt,
1277 3811 1397 3881 eaque
1427 3789 1572 3861 actione
1602 3807 1753 3864 servant

295 3907 541 4003 quantitatem
561 3918 683 3976 motus
701 3906 757 3977 sui
776 3904 884 4000 plane
911 3906 1153 3992 invariatam;
1181 3921 1284 4000 patet
1310 3906 1412 4001 quod
1432 3922 1554 3980 motus
1572 3923 1755 4003 perpetuo

295 4021 514 4095 transfertur
543 4044 565 4091 a
596 4033 722 4091 centro
753 4021 800 4092 ad
826 4020 1157 4093 circumferentiam
1184 4020 1407 4105 vorticis&
1438 4048 1505 4117 per
1535 4022 1753 4096 infinitatem

295 4135 599 4210 circumferentiae
626 4134 852 4208 absorbetur.
926 4136 1087 4208 Materia
1118 4136 1214 4208 inter
1248 4136 1447 4232 sphaericas
1479 4138 1572 4211 duas
1603 4140 1755 4232 quasvis

296 4252 509 4348 superficies
556 4250 686 4323 vortici
729 4252 978 4324 concentricas
1023 4277 1211 4347 nunquam
1255 4250 1526 4340 accelerabitur‚
1563 4278 1610 4325 eo
1653 4255 1753 4349 quod

297 4386 438 4442 motum
473 4390 623 4439 omnem
658 4389 681 4436 a
715 4368 868 4441 materia
903 4369 1075 4442 interiore
1110 4385 1303 4466 acceptum
1336 4370 1509 4444 transfert
1539 4395 1687 4465 semper
1717 4373 1751 4444 in

298 4485 531 4558 exteriorem.

367 4599 486 4672 Corol.
509 4620 542 4686 4.
575 4596 733 4670 Proinde
751 4599 798 4670 ad
817 4603 1136 4676 conservationem
1164 4604 1314 4678 vorticis
1338 4619 1551 4676 constanter
1568 4603 1604 4674 in
1623 4604 1755 4677 eodem

300 4712 476 4786 movendi
502 4724 612 4799 statu,
641 4713 836 4806 requiritur
861 4716 1079 4813 principium
1106 4718 1257 4816 aliquod
1284 4719 1497 4804 activuma
1523 4744 1598 4814 quo
1623 4717 1756 4816 globus

302 4830 458 4902 eandem
502 4851 650 4920 semper
691 4831 935 4922 quantitatem
979 4850 1102 4908 motus
1145 4838 1309 4933 accipiat,
1346 4861 1457 4932 quam
1502 4835 1677 4930 imprimit
1720 4837 1756 4907 in
