4110 5782
736 418 876 475 arnan
897 416 1148 477 sactavous.
1598 425 1664 511 381

216 619 316 691 tione
335 616 371 688 &
390 613 648 700 retardatione,
669 637 781 706 quam
799 613 875 685 sint
893 637 1020 684 eorum
1040 627 1208 705 tempora
1225 613 1412 709 periodica
1431 630 1472 685 ut
1490 616 1671 709 quadrata

214 733 471 808 distantiarum
490 757 512 803 a
530 747 656 804 centro
675 728 833 802 vorticis.
906 725 994 799 Alia
1021 726 1119 799 nulla
1140 731 1289 802 vorticis
1309 731 1521 805 constitutio
1547 749 1670 827 potest

216 876 300 925 esse
318 873 549 946 permanens,

285 967 401 1039 Corol.
432 969 464 1037 8.
494 965 536 1036 Si
554 989 631 1048 vaS,
652 962 804 1033 fluidum
825 960 1015 1045 inclusum,
1031 959 1213 1058 &globus
1231 981 1382 1036 servent
1400 966 1497 1037 hunc
1516 981 1667 1054 motum,

215 1083 252 1156 dt
287 1097 389 1155 motu
425 1096 605 1176 praeterea
639 1079 823 1152 communi
859 1078 1025 1175 angulari
1061 1079 1156 1150 circa
1190 1106 1298 1152 axem
1335 1083 1505 1176 quemvis
1540 1084 1667 1156 datum

214 1198 472 1283 revolvantur;
499 1197 673 1292 quoniam
703 1196 773 1268 hoc
801 1212 903 1268 motu
934 1221 1031 1268 novo
1055 1221 1126 1267 non
1158 1213 1321 1268 mutatur
1343 1199 1489 1270 attritus
1508 1201 1668 1295 partium

214 1316 315 1388 fluidi
335 1317 370 1387 in
390 1342 430 1387 se
449 1314 617 1397 invicem,
638 1338 710 1385 non
739 1315 978 1386 mutabuntur
1004 1329 1127 1386 motus
1145 1315 1303 1408 partium
1331 1315 1427 1387 inter
1444 1342 1493 1388 se.
1568 1317 1668 1390 Nam

212 1430 470 1507 translationes
499 1431 658 1525 partium
688 1431 783 1503 inter
806 1455 846 1502 se
865 1429 1029 1525 pendent
1046 1431 1094 1502 ab
1120 1431 1255 1503 attritu.
1314 1430 1403 1502 Pars
1430 1432 1605 1526 quaelibet
1631 1434 1666 1505 in

212 1549 541 1645 eoperseverabit
572 1565 684 1633 motu,
716 1573 791 1643 quo
823 1548 864 1620 fit
894 1562 934 1619 ut
964 1549 1090 1620 attritu
1122 1574 1168 1620 ex
1200 1573 1275 1621 uno
1305 1548 1418 1622 latere
1447 1575 1520 1623 non
1549 1552 1667 1649 magis

212 1666 378 1738 tardetur
395 1690 506 1760 quarn
525 1663 749 1736 acceleretur
765 1662 890 1735 attritu
910 1688 956 1734 ex
974 1662 1098 1736 altero.

282 1782 400 1854 Corol.
431 1805 462 1871 9.
494 1779 609 1852 Unde
627 1781 657 1850 si
677 1805 743 1851 vas
758 1779 925 1874 quiescat
937 1803 980 1850 ac
997 1778 1107 1850 detur
1120 1793 1241 1851 motus
1258 1776 1369 1876 globi,
1385 1781 1533 1854 dabitur
1545 1800 1668 1857 motus

213 1898 324 1970 fluidi.
401 1897 500 1969 Nam
541 1897 694 1991 concipe
733 1895 884 1990 planum
922 1896 1077 1967 transire
1112 1921 1179 1990 per
1212 1922 1320 1968 axem
1355 1897 1456 1994 globi
1493 1898 1529 1971 dt
1563 1917 1666 1975 motu

212 2017 395 2090 contrario
430 2012 591 2101 revolvi;
629 2014 787 2108 &pone
815 2038 996 2084 summam
1025 2014 1201 2108 temporis
1229 2013 1467 2088 revolutionis
1494 2017 1602 2114 hujus
1630 2020 1666 2091 dt

212 2132 450 2206 revolutionis
478 2130 578 2229 globi
608 2156 691 2203 esse
719 2131 767 2202 ad
799 2145 945 2225 tempus
973 2128 1212 2203 revolutionis
1238 2129 1349 2227 globi,
1377 2147 1418 2205 ut
1444 2135 1665 2228 quadratum

211 2248 474 2320 semidiametri
503 2248 603 2319 vasis
632 2248 680 2319 ad
709 2246 930 2341 quadratum
959 2245 1221 2318 semidiametri
1256 2246 1381 2343 globi:
1422 2248 1459 2320 ἃ
1497 2265 1666 2345 tempora

211 2365 397 2460 periodica
432 2366 590 2460 partium
627 2365 727 2436 fluidi
764 2380 933 2459 respectu
969 2361 1068 2458 plani
1104 2362 1213 2460 hujus
1256 2380 1364 2435 erunt
1406 2379 1447 2436 ut
1485 2367 1666 2465 quadrata

211 2484 467 2556 distantiarum
486 2509 635 2555 suarum
653 2509 676 2554 a
694 2498 821 2554 centro
838 2480 949 2577 globi.

281 2601 400 2673 Corol.
436 2625 488 2673 1o.
522 2600 681 2672 Proinde
699 2600 730 2671 si
757 2626 824 2671 vas
851 2597 910 2671 vel
937 2596 1032 2670 circa
1055 2623 1164 2669 axem
1183 2597 1342 2670 eundem
1362 2625 1444 2671 cum
1462 2600 1584 2697 globo,
1604 2602 1663 2676 vel

210 2720 305 2790 circa
333 2718 522 2790 diversum
553 2716 713 2811 aliquem
745 2717 833 2788 data
860 2742 943 2788 cum
976 2714 1171 2788 velocitate
1206 2741 1426 2813 quacunque
1461 2736 1663 2807 moveatur,

210 2835 358 2907 dabitur
384 2850 505 2907 motus
533 2834 644 2907 fluidi.
720 2834 819 2906 Nam
847 2833 877 2905 si
904 2833 1096 2928 systemati
1119 2835 1185 2905 toti
1204 2834 1390 2908 auferatur
1415 2838 1515 2910 vasis
1542 2854 1665 2912 motus

210 2950 405 3048 angularis
427 2951 629 3023 manebunt
648 2967 769 3023 motus
795 2974 924 3022 omnes
952 2949 1063 3020 iidem
1089 2948 1183 3021 inter
1199 2975 1240 3022 se
1259 2952 1320 3048 qui
1340 2952 1450 3047 prius
1470 2981 1537 3050 per
1554 2956 1661 3029 corol.

211 3070 243 3140 8.
300 3069 352 3140 Et
371 3085 491 3141 rnotus
512 3069 569 3140 isti
589 3094 656 3163 per
673 3066 780 3140 corol.
803 3091 825 3157 9
844 3066 1037 3139 dabuntur.

275 3185 390 3258 Corol.
425 3210 475 3258 11.
505 3185 547 3257 Si
575 3210 642 3256 vas
671 3184 707 3256 81
743 3184 896 3255 lluidum
933 3183 1126 3278 quiescant
1153 3182 1346 3281 &globus
1374 3187 1543 3261 unisormi
1579 3214 1663 3260 cum

209 3315 312 3372 motu
344 3299 566 3385 revolvatur,
598 3302 864 3397 propagabitur
894 3316 1016 3372 motus
1051 3298 1227 3394 paulatim
1263 3326 1330 3395 per
1364 3302 1516 3374 fluidum
1544 3317 1663 3376 totum

210 3419 245 3490 in
275 3445 351 3504 vas,
382 3419 418 3490 dt
446 3420 715 3516 circumagetur
748 3446 816 3497 vas
852 3420 920 3491 nisi
956 3418 1138 3492 violenter
1171 3419 1373 3505 detentum,
1407 3448 1528 3519 neque
1563 3426 1664 3520 prius

209 3537 381 3609 desinent
424 3534 577 3607 fluidum
621 3536 657 3608 dt
700 3562 767 3608 vas
811 3535 1013 3621 accelerari,
1058 3561 1171 3631 quam
1215 3539 1288 3610 sint
1331 3566 1458 3612 eorum
1497 3557 1665 3637 tempora

208 3654 395 3747 periodica
413 3652 570 3749 aequalia
589 3653 816 3747 temporibus
835 3654 1030 3748 periodicis
1047 3652 1159 3750 globi.
1214 3653 1327 3745 Quod
1346 3656 1376 3727 si
1401 3681 1467 3728 vas
1486 3658 1522 3729 vi
1541 3656 1664 3754 aliqua

208 3770 418 3842 detineatur
435 3767 495 3842 vel
514 3768 727 3841 revolvatur
744 3786 848 3842 motu
868 3770 1000 3864 quovis
1028 3771 1208 3842 constanti
1235 3770 1270 3841 ἃ
1289 3771 1469 3857 uniformi,
1489 3774 1664 3848 deveniet

209 3887 371 3958 medium
399 3885 575 3980 paulatim
602 3886 648 3957 ad
676 3902 811 3959 statum
840 3902 962 3959 motus
990 3886 1025 3956 in
1052 3884 1238 3958 corolariis
1276 3890 1353 3978 8,9
1382 3888 1418 3960 δι
1451 3913 1493 3962 10
1510 3890 1662 3977 definiti,

208 4028 275 4075 nec
305 4004 339 4074 in
372 4001 443 4075 alio
474 4028 638 4097 unquam
667 4018 764 4075 statu
801 4028 1022 4098 quocunque
1057 4001 1319 4097 perseverabit.
1394 4004 1542 4078 Deinde
1573 4032 1663 4081 vero

208 4121 248 4206 si,
286 4121 425 4193 viribus
462 4120 530 4192 illis
567 4122 796 4193 cessantibus
832 4121 965 4215 quibus
1001 4145 1068 4192 vas
1112 4120 1148 4193 ἃ
1181 4118 1315 4217 globus
1358 4122 1466 4194 certis
1502 4126 1663 4198 motibus

209 4235 503 4320 revolvebantur,
532 4237 767 4331 permittatur
791 4253 955 4331 systema
983 4251 1100 4308 totum
1137 4234 1282 4333 legibus
1318 4238 1559 4325 mechanicis;
1596 4268 1663 4316 vas

209 4351 404 4450 &globus
431 4354 466 4424 in
495 4379 535 4425 se
563 4353 720 4425 invicem
748 4367 860 4450 agent
887 4353 1074 4425 mediante
1109 4352 1234 4443 fluido,
1262 4379 1383 4449 neque
1418 4373 1540 4429 motus
1575 4385 1663 4433 suos

210 4471 244 4541 in
277 4497 317 4543 se
349 4487 476 4543 mutuo
504 4496 570 4565 per
595 4471 747 4542 fluidum
783 4494 989 4565 propagare
1016 4469 1116 4564 prius
1152 4471 1359 4559 cessabunt,
1392 4498 1503 4567 quam
1534 4500 1661 4548 eorum

209 4602 376 4683 tempora
407 4589 593 4683 periodica
619 4604 814 4684 aequentur
840 4587 935 4659 inter
964 4613 1013 4673 se,
1047 4586 1083 4659 81
1114 4606 1277 4683 systema
1312 4604 1429 4661 totum
1466 4592 1513 4663 ad
1550 4593 1664 4666 instar

209 4707 370 4801 corporis
389 4706 497 4778 unius
515 4703 623 4778 solidi
642 4703 750 4776 simul
770 4702 989 4777 revolvatur.
