4110 5782
422 435 491 505 180
896 431 964 488 DE
983 430 1088 490 MOT
1088 430 1121 489 U
1140 429 1396 490 CORPORUM

416 627 487 700 hoc
505 641 571 712 est,
590 641 632 698 ut
658 650 800 699 errores
826 649 956 697 omnes
982 624 1139 697 lineares
1165 625 1239 696 sint
1257 639 1298 696 ut
1314 622 1458 696 orbium
1477 621 1656 707 diametri,
1676 621 1872 720 angulares

415 769 507 818 vero
529 743 650 829 iidem,
670 742 732 837 qui
754 742 865 837 prius,
889 741 925 814 dr
951 766 1115 814 errorum
1142 739 1333 813 linearium
1359 737 1532 811 similium
1555 738 1615 812 vel
1641 739 1871 837 angularium

416 857 614 956 aequalium
633 874 801 953 tempora
818 874 859 931 ut
876 858 1020 931 orbium
1038 873 1206 952 tempora
1224 856 1418 953 periodica,

485 976 603 1048 Corol.
630 980 683 1048 16.
716 974 840 1059 Unde,
859 974 890 1045 si
916 974 1052 1047 dentur
1067 973 1211 1046 orbium
1230 971 1358 1046 sormae
1377 972 1414 1046 &
1432 971 1618 1047 inclinatio
1636 974 1684 1046 ad
1703 973 1872 1061 invicem,

415 1091 452 1165 81
485 1108 674 1164 mutentur
706 1106 894 1186 utcunque
929 1115 1122 1187 corporum
1153 1089 1437 1186 magnitudines,
1469 1091 1567 1163 vires
1599 1090 1635 1163 82
1664 1091 1872 1180 distantiae3

414 1235 462 1282 ex
479 1210 576 1281 datis
595 1208 778 1281 erroribus
806 1207 842 1280 a
868 1231 1032 1280 errorum
1059 1207 1287 1302 temporibus
1305 1206 1342 1278 in
1360 1232 1435 1280 uno
1453 1232 1549 1294 casu,
1568 1205 1690 1306 colligi
1716 1225 1873 1305 possunt

413 1352 556 1400 errores
591 1325 627 1398 a
662 1350 826 1398 errorum
862 1340 1030 1420 tempora
1064 1324 1101 1396 in
1136 1322 1209 1399 alio
1243 1324 1386 1420 quovis,
1422 1350 1535 1421 quam
1569 1325 1762 1422 proxime:
1805 1327 1873 1403 sed

413 1443 562 1516 brevius
589 1441 658 1514 hac
684 1440 870 1514 methodo
926 1442 1035 1515 Vires
1063 1442 1114 1513 N
1121 1442 1179 1528 M,
1206 1442 1315 1528 ML,
1334 1442 1477 1515 caeteris
1503 1443 1696 1530 stantibus,
1718 1459 1806 1516 sunt
1830 1460 1872 1517 ut

413 1558 537 1631 radius
572 1558 610 1629 T
613 1559 660 1642 P,
692 1557 728 1630 a
762 1556 892 1629 harum
927 1558 1080 1631 effectus
1114 1558 1289 1655 periodici
1327 1557 1410 1654 (per
1442 1556 1549 1631 corol.
1584 1583 1603 1629 2
1633 1555 1716 1632 lem.
1750 1560 1791 1657 x)
1830 1576 1872 1633 ut

413 1677 523 1761 vireS,
551 1675 587 1748 81
613 1674 835 1771 quadratum
861 1676 1038 1770 temporis
1065 1674 1240 1771 periodici
1267 1673 1430 1770 corporis
1455 1675 1494 1745 P
1524 1675 1756 1771 conjunctim.
1815 1676 1870 1748 Hi

412 1808 500 1867 sunt
525 1817 667 1865 errores
693 1789 849 1863 lineares
875 1793 1038 1888 corporis
1064 1794 1110 1878 P,
1139 1792 1175 1865 dr
1202 1792 1288 1865 hinc
1313 1815 1455 1865 errores
1473 1787 1669 1886 angulares
1695 1815 1717 1862 e
1743 1805 1871 1865 centro

420 1909 459 1982 Τ
481 1907 636 2004 spectati
671 1906 722 2004 (id
754 1922 822 1995 est,
853 1923 929 1979 tam
961 1924 1084 1981 motus
1115 1908 1221 2005 augis
1253 1907 1289 1980 82
1317 1907 1508 1991 nodorum,
1539 1931 1650 2001 quam
1677 1931 1806 1979 omnes
1834 1907 1870 1978 in

411 2025 682 2123 longitudinem
717 2023 754 2097 81
787 2024 1019 2097 latitudinem
1055 2049 1197 2097 errores
1232 2021 1468 2121 apparentes)
1505 2038 1600 2107 sunt,
1638 2024 1674 2095 in
1706 2021 1872 2119 qualibet
1981 2032 1983 2036 ’

412 2141 643 2218 revolutione
676 2142 841 2237 corporis
871 2143 917 2227 P,
945 2156 987 2213 ut
1017 2140 1237 2236 quadratum
1267 2141 1444 2236 temporis
1479 2138 1720 2213 revolutionis
1756 2165 1872 2234 quam

411 2261 588 2358 proxime.
657 2258 941 2355 Conjungantur
975 2255 1034 2330 hae
1066 2257 1227 2330 rationes
1257 2281 1341 2329 curn
1372 2257 1574 2330 rationibus
1605 2254 1783 2330 corollarii
1817 2281 1870 2348 14,

410 3537 447 3611 8z
478 3538 516 3611 in
546 3538 712 3635 quolibet
741 3564 938 3635 corporum
971 3539 1011 3626 T,
1040 3540 1086 3626 P,
1117 3539 1151 3611 S
1175 3554 1386 3634 systemate,
1414 3539 1477 3612 ubi
1503 3541 1542 3613 P
1567 3541 1703 3614 circum
1742 3542 1781 3615 T
1799 3543 1868 3614 sibi

409 3655 669 3752 propinquum,
698 3655 735 3729 81
768 3656 806 3727 T
833 3657 969 3728 circum
1004 3656 1038 3728 S
1068 3654 1313 3754 longinquum
1345 3654 1557 3741 revolvitur,
1585 3683 1726 3731 errores
1752 3683 1867 3755 angu-

409 3767 505 3844 lares
531 3772 696 3868 corporis
730 3774 776 3858 P,
803 3772 852 3844 de
878 3786 1005 3843 centro
1037 3770 1076 3842 T
1094 3786 1325 3867 apparentes,
1345 3787 1462 3856 erunt,
1482 3773 1518 3844 in
1543 3771 1697 3870 singulis
1725 3772 1867 3847 revolu-

410 3886 573 3960 tionibus
600 3888 764 3983 corporis
790 3887 885 3959 illius
912 3888 958 3972 P,
986 3902 1027 3959 ut
1053 3887 1273 3982 quadratum
1301 3888 1478 3984 temporis
1504 3890 1680 3983 periodici
1707 3890 1870 3984 corporis

409 4005 448 4076 P
481 4005 620 4080 directe
654 4005 691 4079 81
734 4004 955 4101 quadratum
990 4005 1167 4100 temporis
1206 4003 1382 4100 periodici
1425 4005 1589 4100 corporis
1635 4004 1674 4078 Τ
1710 4004 1865 4077 inverse.

411 4120 465 4193 Et
492 4121 580 4195 inde
606 4138 729 4195 motus
756 4121 899 4193 medius
926 4121 1032 4219 augis
1058 4121 1128 4194 erit
1153 4121 1189 4192 in
1216 4121 1304 4193 data
1323 4121 1464 4194 ratione
1481 4121 1529 4194 ad
1548 4134 1689 4196 motum
1707 4122 1871 4194 medium

409 4237 616 4325 nodorum;
649 4236 686 4310 81
716 4253 838 4310 motus
865 4253 1022 4332 uterque
1048 4237 1117 4309 erit
1147 4251 1189 4308 ut
1219 4252 1366 4333 tempus
1392 4237 1619 4334 periodicum
1646 4237 1809 4332 corporis
1834 4238 1873 4307 P

408 4353 552 4428 directe
583 4353 620 4427 81
650 4354 872 4450 quadratum
903 4353 1080 4449 temporis
1110 4353 1285 4449 periodici
1312 4353 1475 4448 corporis
1509 4354 1547 4425 T
1566 4353 1721 4426 inverse
1789 4350 1869 4420 Au-

406 4470 539 4567 gendo
563 4468 624 4543 vel
651 4469 854 4544 minuendo
879 4469 1195 4543 excentricitatem
1222 4468 1562 4543 &inclinationem
1597 4466 1696 4539 orbis
1730 4465 1768 4535 P
1776 4464 1818 4537 A
1832 4463 1872 4534 Β

408 4608 484 4657 non
515 4600 706 4658 mutantur
732 4601 855 4659 motus
880 4584 987 4684 augis
1013 4584 1050 4658 81
1076 4584 1257 4657 nodorum
1285 4582 1515 4674 sensibiliter,
1542 4581 1612 4671 nisi
1638 4580 1701 4654 ubi
1726 4578 1870 4652 eaedem

409 4715 498 4773 sunt
520 4700 630 4774 nimis
647 4726 804 4798 magnae.
