4110 5782
711 442 853 502 LIBER
878 441 1077 502 TERTIUS.
1549 462 1592 530 41
1603 463 1622 531 3

171 644 464 719 Londinensium
492 663 635 735 905751
673 642 768 715 111101
784 642 1000 714 Londinum
1027 641 1063 713 81
1089 641 1305 724 Eboracum,
1326 640 1363 713 81
1390 640 1626 714 observando

168 762 414 834 differentiam
442 758 677 831 latitudinum
709 783 727 829 2
758 784 810 855 gr.
846 758 905 830 28l
931 756 1079 854 collegit
1110 783 1321 830 mensuram
1349 757 1488 854 gradus
1517 757 1626 828 unius

169 905 253 952 esse
267 879 405 975 pedum
426 877 718 950 Londinensium
740 882 897 968 367196‚
917 875 1039 959 idest,
1058 874 1335 969 hexapedarum
1365 874 1625 947 Parisiensium

173 1018 305 1090 57300.

245 1115 422 1186 Picarlus
440 1111 688 1185 mensurando
706 1136 830 1183 arcum
849 1111 988 1207 gradus
1017 1110 1178 1183 unius&
1199 1109 1259 1182 22'
1279 1132 1297 1203 5
1305 1109 1350 1204 5''
1369 1110 1404 1182 in
1424 1109 1628 1182 meridiano

171 1229 267 1304 inter
296 1229 530 1302 Ambz'anum
557 1227 593 1299 81
618 1227 896 1312 Malvoist'nam,
917 1228 1058 1300 invenit
1083 1252 1208 1299 arcum
1234 1226 1374 1324 gradus
1405 1226 1513 1298 unius
1544 1251 1627 1298 esse

170 1346 447 1441 hexapedarum
470 1344 730 1416 parisiensium
761 1350 891 1437 57060.
950 1343 1125 1416 Cassinns
1150 1343 1275 1415 senior
1300 1344 1527 1415 mensuravit
1553 1343 1627 1414 dis-

171 1463 325 1535 tantiam
345 1462 381 1533 in
400 1461 604 1533 meridiano
621 1486 644 1532 a
662 1458 749 1532 villa
770 1460 954 1532 Collioure
971 1458 1006 1530 in
1030 1460 1241 1532 Roussilion
1260 1459 1307 1530 ad
1335 1459 1628 1533 observatorium
1690 1528 1695 1539 ,

174 1581 404 1666 Parisiense;
432 1579 468 1652 81
482 1576 578 1651 filius
596 1579 676 1675 ejus
694 1578 838 1650 addidit
855 1577 1068 1649 distantiam
1086 1578 1134 1648 ab
1152 1577 1406 1650 observatorio
1424 1577 1471 1650 ad
1490 1592 1628 1650 turrem

171 1696 272 1767 urbis
290 1694 482 1767 Dunkr'rk,
539 1695 728 1767 Distantia
745 1709 824 1766 tota
849 1707 928 1765 erat
946 1692 1223 1786 hexapedarum
1245 1693 1424 1786 4861561,
1445 1694 1481 1766 81
1507 1694 1628 1768 differ-

173 1812 274 1883 entia
289 1809 525 1883 latitudinum
544 1800 641 1882 villae
664 1810 848 1883 Collioure
864 1808 899 1880 81
918 1808 1018 1880 urbis
1039 1808 1222 1880 Drcnkirk
1239 1824 1318 1881 erat
1335 1810 1519 1906 graduum
1545 1829 1630 1885 octo

174 1926 210 1999 81
239 1924 301 2019 31'
324 1925 421 2004 113⁶.
491 1926 606 2000 Unde
632 1951 737 1999 arcus
764 1924 903 2023 gradus
934 1925 1042 1997 unius
1071 1923 1195 2018 prodit
1220 1924 1497 2020 hexapedarum
1529 1929 1628 2001 Pari-

173 2044 350 2116 siensium
371 2050 502 2136 57061.
559 2042 612 2115 Et
630 2069 677 2115 ex
695 2043 752 2115 his
771 2043 952 2115 mensuris
979 2040 1162 2138 colligitur
1179 2042 1339 2114 ambitus
1357 2058 1466 2116 terrae
1492 2045 1630 2140 pedum

176 2162 436 2234 Parisiensium
470 2186 511 2232 12
517 2168 699 2254 3249600,
720 2161 756 2233 81
782 2147 1057 2233 semidiameter
1082 2161 1163 2257 ejus
1189 2160 1326 2255 pedum
1359 2166 1565 2254 19615800,
1583 2190 1631 2237 ex

175 2278 372 2375 hypothesi
392 2279 492 2374 quod
511 2295 608 2351 terra
626 2281 674 2351 sit
691 2279 880 2374 sphaerica

246 2397 289 2469 In
316 2395 510 2470 latitudine
539 2398 700 2470 Lulelice
722 2399 960 2471 Parisiorum
990 2422 1124 2493 corpus
1152 2423 1268 2495 grave
1299 2412 1467 2495 tempore
1499 2400 1630 2475 minuti

176 2517 284 2588 unius
312 2517 465 2589 secundi
496 2517 665 2591 cadendo
691 2518 865 2590 describit
895 2518 1011 2613 pedes
1040 2518 1266 2592 Parisienses
1300 2542 1340 2613 15
1361 2522 1435 2619 dig.
1463 2547 1474 2594 1
1507 2522 1566 2598 lin.
1593 2524 1633 2602 11

176 2651 218 2707 111
251 2660 372 2730 supra,
410 2635 446 2706 id
481 2650 547 2722 est,
578 2635 695 2709 lineas
733 2635 858 2729 21751.
932 2636 1083 2709 Pondus
1118 2639 1282 2732 corporis
1317 2639 1533 2714 diminuitur
1566 2668 1634 2739 per

176 2752 324 2848 pondus
342 2753 436 2824 aeris
462 2752 668 2826 ambientis,
728 2753 914 2826 Ponamus
933 2754 1080 2848 pondus
1098 2755 1274 2827 amissum
1293 2782 1376 2829 esse
1397 2775 1540 2853 partem
1568 2786 1633 2833 un-

177 2873 359 2946 decimam
387 2871 617 2946 millesimam
636 2873 810 2968 ponderis
839 2873 962 2962 totius,
984 2872 1019 2944 81
1046 2898 1178 2968 corpus
1205 2872 1294 2947 illud
1319 2901 1434 2972 grave
1465 2879 1634 2953 cadendo

178 2991 213 3062 in
232 3016 351 3063 vacuo
377 2990 562 3063 describet
588 2989 820 3063 altitudinem
847 2990 1026 3064 linearum
1057 3011 1153 3082 2174
1175 3006 1342 3088 tempore
1369 2994 1498 3068 minuti
1525 2998 1633 3070 unius

178 3109 340 3183 secundi.

248 3227 393 3321 Corpus
413 3226 450 3338 in
468 3224 602 3299 circulo
620 3226 667 3299 ad
686 3227 899 3300 distantiam
918 3228 1054 3323 pedum
1080 3232 1274 3322 19615800
1291 3256 1314 3301 a
1331 3247 1465 3318 centro,
1481 3234 1635 3333 singulis

178 3344 309 3416 diebus
340 3342 493 3415 sidereis
524 3342 696 3415 horarum
728 3368 745 3414 2
752 3368 782 3436 3.
812 3344 871 3437 56'
897 3343 945 3435 4'l
976 3344 1206 3418 uniformiter
1232 3345 1438 3434 revolvens,
1469 3366 1635 3445 tempore

179 3468 310 3540 minuti
342 3469 450 3540 unius
485 3466 637 3539 secundi
666 3466 850 3539 describet
880 3492 1004 3538 arcum
1034 3465 1170 3562 pedum
1208 3476 1372 3561 1433‚46‚
1402 3471 1505 3567 cujus
1533 3472 1636 3543 sinus

180 3609 310 3657 versus
339 3602 397 3657 est
426 3584 564 3679 pedum
595 3605 703 3676 0,052
710 3589 816 3675 3656,
844 3608 909 3655 seu
940 3581 1118 3655 linearum
1149 3591 1314 3675 7,54o64.
1373 3586 1538 3681 Ideoque
1568 3590 1635 3673 vis,

182 3726 256 3796 qua
272 3701 401 3797 gravia
424 3700 656 3772 descendunt
675 3701 710 3771 in
738 3698 931 3772 latitudine
956 3701 1124 3785 Lulelz'oe,
1143 3715 1201 3772 051
1226 3701 1273 3773 ad
1292 3702 1368 3773 vim
1395 3704 1636 3801 centrisugam

182 3842 376 3911 corporum
405 3817 441 3887 in
468 3832 657 3912 aequatore
683 3841 706 3888 a
732 3833 839 3889 terrae
871 3830 973 3889 motu
1004 3817 1137 3889 diurno
1167 3817 1371 3904 oriundam,
1392 3835 1432 3892 ut
1464 3843 1561 3914 2174
1587 3822 1635 3894 ad

187 3938 354 4024 151064·

252 4048 321 4121 Vis
348 4047 554 4145 centrifuga
588 4073 783 4143 corporum
815 4048 851 4119 in
881 4061 1069 4142 aequatore
1097 4063 1204 4123 terrae
1231 4067 1289 4126 est
1323 4055 1370 4127 ad
1401 4056 1478 4129 vim
1509 4059 1640 4131 centri-

184 4164 323 4260 sugam,
356 4189 429 4259 qua
460 4190 614 4260 corpora
644 4165 783 4237 directe
818 4163 976 4235 tendunt
1003 4189 1026 4235 a
1060 4181 1156 4238 terra
1192 4169 1228 4241 in
1263 4167 1457 4247 latitudine
1484 4175 1643 4248 Lutctr'oe

183 4280 367 4376 graduum
394 4285 451 4372 48.
482 4281 541 4374 50'
572 4277 649 4364 1o'',
678 4280 715 4351 in
743 4277 929 4374 duplicata
960 4279 1101 4352 ratione
1127 4284 1219 4357 radii
1247 4286 1296 4358 ad
1325 4289 1446 4360 sinum
1478 4290 1638 4385 comple-

186 4396 301 4468 menti
328 4395 531 4470 latitudinis
558 4395 664 4486 illius,
691 4397 727 4469 id
758 4412 824 4481 est,
853 4412 894 4468 ut
928 4403 1084 4489 7‚54064
1110 4399 1157 4470 ad
1187 4408 1304 4494 3‚267.
1357 4404 1533 4478 Addatur
1563 4407 1642 4480 haec

186 4513 243 4583 vis
261 4513 309 4585 ad
328 4515 404 4586 vim
423 4541 497 4610 qua
513 4514 643 4611 gravia
660 4514 892 4587 descendunt
910 4513 946 4585 in
965 4512 1158 4589 latitudine
1185 4516 1245 4589 illa
1262 4519 1427 4605 Lutetia,
1448 4522 1484 4594 81
1510 4549 1642 4620 corpus

187 4631 224 4701 in
251 4629 445 4704 latitudine
477 4631 545 4716 illa,
565 4631 602 4703 vi
639 4646 717 4703 tota
750 4631 944 4727 gravitatis
980 4631 1156 4718 cadendo,
1185 4650 1351 4730 tempore
1378 4638 1506 4711 minuti
1529 4635 1641 4714 ¹unius

188 4748 340 4820 secundi
369 4747 553 4820 describet
580 4746 696 4820 lineas
728 4753 910 4841 2177,267
946 4773 1012 4820 seu
1044 4749 1160 4843 pedes
1190 4750 1414 4827 Parisienses
1446 4776 1487 4848 15
1516 4758 1590 4854 dig.
1625 4783 1637 4830 1

191 4862 225 4934 &
254 4862 314 4935 lin.
348 4869 465 4955 5‚267.
523 4862 575 4935 Et
602 4864 659 4935 vis
688 4878 767 4936 tota
796 4865 989 4959 gravitatis
1019 4865 1056 4937 in
1084 4865 1278 4940 latitudine
1309 4866 1368 4941 illa
1398 4872 1468 4944 erit
1493 4873 1540 4944 ad
1567 4874 1644 4947 vim
