1583 1669
424 310 434 327 3
438 305 459 327 76
663 305 697 319 DE
707 304 742 320 Mo
745 304 776 319 w
785 304 874 319 coaepoae
878 304 913 318 [JM

458 353 517 371 Cnrol.
533 359 548 372 2.
562 353 583 371 Si
605 353 682 371 fluidum
705 353 722 371 in
745 359 789 371 vase
811 352 911 377 cylindrico
933 352 1054 377 longitudinis
1076 353 1154 371 infinitae

423 382 543 404 contineatur,
551 382 569 400 &
578 382 681 406 cylindrum
690 382 746 400 alium
756 382 862 400 interiorem
871 382 969 403 contineat,
977 381 1084 400 revolvatur
1090 386 1154 400 autem

422 411 516 436 cylindrus
534 415 612 435 uterque
634 411 682 429 cirea
703 417 757 429 axem
779 417 901 432 communen-i,
920 411 993 435 sintque
1016 411 1154 430 revolutionum

422 444 507 464 tempora
516 444 536 458 ut
545 440 627 464 ipsorum
636 440 774 462 semidiametri,
782 440 800 458 &
809 444 916 464 perseveret
923 440 973 458 fluidi
983 447 1026 464 pars
1035 447 1155 465 unaquaeque

423 470 441 488 in
451 473 501 488 motu
511 476 557 488 suo:
568 474 622 488 erunt
631 470 710 494 partium
720 469 834 494 singularum
844 473 928 494 tempora
937 469 1029 493 periodica
1041 473 1062 488 ut
1071 470 1154 494 ipsarum

422 499 515 517 distantiae
524 499 548 517 ab
557 505 592 517 axe
601 498 730 523 cylindrorum.

457 528 515 546 Coral.
532 534 547 551 3.
563 527 676 552 Si'cylindro
685 527 703 546 8:
712 527 769 546 fluido
782 527 806 545 ad
821 527 869 545 hunc
880 527 956 546 modum
965 528 1020 546 motis
1029 527 1110 546 addatur
1122 528 1154 547 vel

422 557 515 575 auferatur
530 557 633 575 communis
647 556 725 581 quilibet
740 560 802 575 motus
819 556 924 581 angularis;
944 557 1031 580 quoniam
1050 557 1085 575 hoc
1103 563 1155 576 novo

422 590 473 605 motu
490 592 526 604 non
543 590 624 604 mutatur
639 586 712 604 attritus
727 590 802 604 mutuus
818 586 897 610 partium
911 586 966 607 fluidi,
981 592 1017 604 non
1032 586 1155 605 mutabuntur

422 619 484 634 motus
501 615 580 639 partium
596 616 644 633 inter
658 621 683 633 se.
721 615 771 633 Nam
789 615 918 633 translationes
936 615 1014 639 partium
1032 616 1057 634 ab
1073 616 1154 634 invicem

421 645 505 669 pendent
514 644 537 662 ab
546 644 613 663 atu-itu.
642 644 687 662 Pars
696 644 784 668 quzelibet
792 645 809 662 in
817 651 840 663 eo
846 644 973 668 perseverabit
980 648 1036 665 motu,
1044 645 1081 669 qui,
1089 645 1153 663 attritu

422 674 508 697 utrinque
526 673 544 691 in
562 673 662 692 contrarias
679 677 742 697 partes
759 673 813 694 sacto,
832 679 868 691 non
886 673 946 697 mag-is
963 673 1076 692 acceleratur
1096 680 1153 698 quam

422 702 530 721 retardatur.

457 732 516 750 Carol.
530 737 547 754 4.
564 731 621 750 Unde
635 731 650 749 si
665 731 698 750 toti
712 731 837 755 cylindrorum
851 731 869 750 81
883 731 934 750 fluidi
949 732 1044 756 systemati
1059 732 1154 750 auferatur

422 764 483 779 motus
497 761 557 779 omnis
571 760 664 785 angularis
679 760 756 784 cylindri
770 760 871 782 exterioris
881 761 979 779 habebitur
993 765 1054 779 motus
1068 761 1120 779 fluidi
1134 762 1151 779 in

421 789 505 814 cylindro
514 790 625 814 quiescente.

457 819 516 837 Corol.
532 824 548 842 5.
564 819 624 843 Igitur
645 819 660 837 si
682 818 739 837 fluido
761 818 779 837 &
797 818 880 843 cylindro
897 819 988 838 exteriore
1008 819 1151 843 quiescentibus,

422 848 529 866 revolvatur
546 848 638 872 cylindrus
658 848 734 866 interior
754 848 880 870 uniformiter;
902 849 1068 867 communimbitur
1090 853 1150 867 motus

422 877 513 895 circularis
528 877 590 898 fluido,
604 877 622 895 &
636 877 724 901 paulatim
739 884 772 901 per
788 881 847 895 totum
865 877 942 895 fluidum
956 877 1100 902 propagabitur;
1119 884 1150 896 nec

422 907 472 930 prius
487 906 559 924 desinet
573 906 636 930 augeri
651 912 707 930 quam
725 906 776 924 fluidi
792 911 854 930 partes
871 906 949 931 singulae
967 910 1037 925 motum
1056 907 1150 926 corollario

422 939 488 959 quarto
497 935 593 953 definitum
603 935 703 959 acquirant*

457 965 517 984 Corol.
532 966 548 983 6.
564 965 590 983 Et
599 965 687 988 quoniam
702 964 778 982 fluidum
788 968 865 983 conatur
878 968 949 983 motum
958 971 1012 982 suum
1026 964 1089 983 adhuc
1098 965 1147 983 latius

422 1000 530 1018 propagare,
545 994 599 1018 hujus
613 993 683 1017 impetu
697 994 832 1018 circumagetur
845 994 900 1012 etiarn
914 993 1007 1018 cylindrus
1022 994 1105 1013 exterior
1117 993 1146 1012 nisi

422 1022 513 1040 violenter
522 1023 619 1044 detentus3
633 1022 651 1041 ἃ
660 1022 791 1041 accelerabitur
804 1023 844 1047 ejus
857 1027 918 1041 motus
928 1023 989 1046 quoad
999 1029 1059 1047 usque
1069 1027 1145 1047 tempom

422 1051 516 1075 periodica
530 1051 607 1075 cylindri
622 1052 717 1075 utriusque
732 1055 829 1075 aequentur
843 1052 890 1070 inter
903 1058 928 1070 sel
956 1052 1013 1075 Quod
1027 1052 1043 1070 si
1059 1052 1143 1076 cylindrus

422 1081 503 1099 exterior
517 1081 608 1099 violenter
623 1080 732 1102 detineatur,
748 1081 845 1099 conabitur
860 1081 875 1099 is
894 1085 964 1099 motum
980 1081 1031 1099 fluidi
1048 1081 1142 1099 ramulam

422 1109 440 1128 8:
458 1110 491 1128 nisi
510 1110 603 1134 cylindrus
621 1110 696 1128 interior
717 1110 736 1128 vi
757 1109 819 1134 aliqua
840 1110 954 1128 extrinsecus
972 1110 1062 1134 impressa
1079 1114 1138 1128 motum

423 1138 473 1157 illum
483 1143 585 1160 conservet,
595 1139 662 1157 efficiet
670 1143 691 1157 ut
700 1139 749 1157 idern
759 1139 847 1163 paulatirn
857 1143 922 1157 cesset.

456 1168 504 1192 Quae
514 1169 576 1187 omnia
586 1168 603 1186 in
613 1175 661 1192 aqua
671 1168 762 1192 profunda
772 1172 870 1193 stagnante
879 1168 957 1192 experiri
966 1168 1013 1187 licet.
