4110 5782
738 419 879 477 LIBER
903 419 1102 480 rannus
1574 447 1645 516 425

192 596 407 691 compositis
425 596 564 669 viribus
583 596 718 669 incidet
736 596 773 669 in
798 611 945 693 tempus
962 595 1113 693 aliquod
1133 598 1391 673 intermedium
1410 601 1510 696 quod
1531 603 1649 676 tertiae

193 712 309 785 lunari
337 712 579 808 propinquius
604 729 682 800 est;
710 714 869 809 ideoque
896 713 933 786 in
960 715 1114 786 transitu
1142 712 1238 788 lunae
1257 743 1279 788 a
1305 718 1465 814 syzygiis
1483 719 1531 791 ad
1558 744 1648 815 qua·

193 831 371 915 draturas,
397 830 459 902 ubi
488 829 579 902 hora
604 831 712 903 tertia
738 827 868 903 solaris
896 830 1074 926 praecedit
1104 833 1249 904 tertiam
1281 831 1458 924 lunarem,
1488 837 1650 933 maxima

193 973 300 1043 aquae
318 945 476 1020 altitudo
506 946 692 1043 praecedet
709 947 821 1020 etiam
852 948 997 1020 tertiam
1026 945 1201 1033 lunarem,
1222 947 1334 1044 idque
1351 951 1514 1024 maximo
1541 953 1649 1027 inter-

193 1065 291 1138 vallo
309 1065 420 1161 paulo
452 1080 537 1160 post
553 1080 721 1138 octantes
738 1063 856 1152 lunae;
884 1065 920 1138 a
938 1065 1088 1161 paribus
1107 1064 1307 1139 intervallis
1325 1083 1438 1140 aestus
1465 1069 1649 1143 maximus

193 1198 370 1279 sequetur
395 1181 524 1255 horam
552 1182 697 1254 tertiam
728 1179 894 1254 lunarem
926 1182 962 1254 in
990 1182 1143 1254 transitu
1170 1180 1267 1255 lunae
1295 1208 1318 1254 a
1343 1184 1576 1279 quadraturis
1602 1187 1650 1260 ad

193 1299 373 1395 syzygias.
431 1297 527 1371 Haec
556 1298 606 1370 ita
634 1298 782 1371 suntin
810 1299 902 1371 mari
928 1315 1066 1395 aperto.
1124 1298 1224 1370 Nam
1256 1299 1292 1371 in
1319 1299 1423 1373 ostiis
1454 1301 1650 1377 fluviorum

194 1415 315 1487 fluxus
335 1415 494 1513 majores
512 1415 655 1515 caeteris
674 1414 824 1511 paribus
843 1413 983 1486 tardius
1000 1414 1049 1486 ad
1067 1413 1165 1495 ἀκμὴν
1181 1414 1342 1488 venient

265 1531 436 1604 Pendent
461 1547 585 1604 autem
612 1531 765 1604 effectus
795 1529 1028 1602 luminarium
1057 1557 1105 1602 ex
1130 1555 1258 1603 eorum
1277 1531 1462 1606 distantiis
1488 1560 1511 1606 a
1541 1552 1646 1612 terra

198 1654 241 1725 ln
261 1652 463 1726 minoribus
481 1653 579 1725 enim
598 1650 782 1724 distantiis
800 1651 957 1746 majores
975 1663 1061 1722 sunt
1074 1673 1201 1721 eorum
1216 1649 1378 1740 effectus,
1395 1651 1431 1724 in
1450 1653 1650 1750 majoribus

196 1771 368 1856 minores
388 1767 500 1864 idque
515 1767 551 1838 in
570 1765 751 1861 triplicata
769 1767 910 1840 ratione
928 1766 1191 1839 diametrorum
1209 1768 1476 1861 apparentium.
1534 1770 1652 1867 Igitur

196 1885 250 1958 sol
287 1901 454 1979 tempore
489 1883 665 1979 hyberno,
703 1883 739 1955 in
774 1883 939 1980 perigaeo
973 1883 1147 1967 existens
1183 1883 1341 1979 majores
1376 1884 1453 1958 edit
1487 1886 1650 1974 effectus

196 2002 381 2097 efficitque
412 2017 453 2072 ut
478 2016 592 2073 aestus
618 1999 656 2072 in
688 1999 849 2096 syzygiis
875 1995 986 2094 paulo
1005 1999 1163 2094 majores
1189 1999 1272 2084 sint,
1292 1999 1328 2072 a
1355 2001 1391 2072 in
1418 2002 1650 2097 quadraturis

196 2119 307 2215 paulo
338 2119 498 2191 minores
528 2116 685 2215 (caeteris
716 2114 880 2212 paribus)
913 2140 1025 2211 quam
1055 2130 1222 2210 tempore
1250 2117 1401 2203 aestiv0;
1437 2118 1473 2192 81
1498 2117 1586 2192 luna
1614 2121 1650 2193 in

197 2236 360 2332 perigaeo
378 2233 531 2331 singulis
550 2234 739 2306 mensibus
758 2233 917 2330 majores
935 2233 1007 2305 ciet
1024 2246 1137 2304 aestus
1155 2258 1267 2329 quam
1286 2250 1372 2307 ante
1390 2233 1448 2309 vel
1468 2252 1553 2330 post
1570 2237 1650 2312 dies

197 2351 421 2448 quindecim,
441 2351 503 2422 ubi
532 2350 567 2422 in
594 2375 752 2447 apogaeo
770 2364 947 2423 versatur.
1003 2348 1119 2421 Unde
1137 2347 1178 2421 fit
1204 2365 1245 2421 ut
1262 2365 1375 2423 aestus
1399 2350 1474 2424 duo
1499 2354 1652 2427 omnino

197 2469 348 2543 maximi
370 2469 405 2540 in
425 2469 585 2566 syzygiis
603 2467 786 2541 continuis
804 2493 844 2540 se
863 2481 992 2540 mutuo
1010 2492 1083 2540 non
1102 2482 1312 2562 sequantur.

275 2586 419 2658 Pendet
444 2586 555 2659 ctiam
586 2585 739 2658 effectus
756 2585 947 2680 utriusque
977 2583 1165 2657 luminaris
1191 2610 1238 2659 ex
1266 2584 1380 2681 ipsius
1406 2584 1652 2661 declinatione
1734 2570 1738 2575 .

196 2731 261 2778 seu
281 2703 456 2775 distantia
482 2703 531 2775 ab
556 2718 754 2798 aequatore.
811 2700 912 2773 Nam
936 2701 966 2774 si
993 2699 1172 2775 luminare
1191 2701 1227 2775 in
1254 2700 1341 2799 polo
1358 2703 1649 2791 constitueretur,

196 2822 359 2894 traheret
376 2819 463 2893 illud
483 2817 647 2916 singulas
664 2844 772 2915 aquae
791 2834 915 2913 partes
933 2833 1147 2891 constanter
1172 2819 1253 2893 sine
1270 2819 1425 2893 actionis
1444 2820 1651 2895 intensione

196 2940 231 3013 8ι
256 2939 483 3025 remissione,
504 2936 662 3032 ideoque
690 2934 827 3007 nullam
854 2951 976 3008 motus
1004 2936 1328 3031 reciprocationem
1354 2938 1476 3010 cieret
1534 2938 1652 3035 Igitur

193 3056 386 3128 luminaria
405 3053 613 3126 recedendo
627 3052 675 3124 ab
688 3066 878 3147 aequatore
895 3050 1021 3147 polum
1036 3078 1165 3126 versus
1190 3053 1343 3126 effectus
1360 3078 1448 3126 suos
1465 3053 1650 3150 gradatim

193 3173 374 3255 amittent,
394 3169 430 3242 u
455 3183 653 3263 propterea
671 3168 832 3240 minores
850 3168 999 3241 ciebunt
1016 3185 1128 3241 aestus
1147 3170 1183 3242 in
1210 3170 1371 3267 syzygiis
1397 3168 1650 3244 solstitialibus

196 3314 307 3384 quam
327 3287 363 3359 in
390 3282 716 3382 aequinoctialibus,
774 3285 817 3356 ln
836 3285 1052 3381 quadaturis
1069 3301 1194 3357 autem
1211 3285 1464 3360 solstitialibus
1491 3289 1649 3384 majores

194 3407 343 3479 ciebunt
371 3420 484 3477 aestus
510 3428 622 3500 quam
650 3402 687 3474 in
713 3402 947 3499 quadraturis
974 3401 1313 3498 aequinoctialibus;
1349 3429 1395 3477 eo
1420 3403 1521 3499 quod
1552 3402 1649 3476 lunae

190 3523 269 3618 jam
299 3522 334 3592 in
364 3535 552 3615 aequatore
581 3519 791 3592 constitutae
819 3517 972 3591 effectus
1001 3518 1161 3592 maxime
1182 3534 1334 3614 superat
1351 3519 1523 3592 effectum
1549 3517 1646 3591 solis.

199 3637 372 3708 Incidunt
398 3637 510 3733 igitur
527 3652 640 3708 aestus
667 3634 817 3706 maximi
849 3634 885 3705 in
912 3633 1084 3730 syzygias
1115 3634 1152 3706 dc
1179 3634 1319 3706 minimi
1351 3634 1387 3705 in
1406 3633 1649 3729 quadraturas

195 3752 439 3837 luminarium,
452 3753 547 3824 circa
561 3767 729 3847 tempora
743 3748 953 3845 aequinoctii
969 3750 1169 3844 utriusque.
1226 3749 1278 3821 Et
1294 3763 1427 3822 aestum
1447 3750 1648 3822 maximum

196 3869 232 3939 in
259 3867 419 3962 syzygiis
446 3867 642 3939 comitatur
666 3889 814 3960 semper
839 3864 1012 3937 minimus
1039 3864 1075 3936 in
1103 3863 1345 3960 quadraturis,
1364 3881 1406 3938 ut
1422 3865 1650 3960 experientia

195 3998 424 4077 compertum
451 3996 517 4054 est.
588 3982 660 4055 Per
676 3981 855 4054 minorem
883 3995 1007 4055 autem
1034 3980 1246 4054 distantiam
1273 3979 1360 4054 solis
1386 4006 1408 4053 a
1435 3996 1532 4054 terra
1558 3997 1648 4056 tem·

196 4124 285 4194 pore
312 4098 479 4193 hyberno
505 4123 617 4193 quam
644 4113 811 4192 tempore
837 4097 969 4170 aestivo
1000 4097 1041 4170 fit
1066 4113 1108 4170 ut
1125 4113 1238 4171 aestus
1264 4097 1414 4170 maximi
1447 4098 1483 4171 81
1509 4098 1649 4172 minimi

195 4217 331 4311 saepius
363 4214 576 4311 praecedant
603 4214 865 4310 aequinoctium
892 4239 1047 4287 vernum
1076 4240 1188 4310 quam
1216 4229 1429 4310 sequantur,
1448 4213 1484 4287 &
1514 4215 1650 4311 saepius

196 4347 399 4429 sequantur
416 4331 627 4405 autumnale
646 4357 757 4427 quam
777 4330 998 4426 praecedant.

268 4449 437 4524 Pendent
454 4450 565 4523 etiam
592 4450 745 4522 effectus
776 4448 1009 4521 luminarium
1035 4473 1082 4520 ex
1110 4447 1274 4520 locorum
1300 4447 1502 4522 latitudine.
1573 4448 1648 4521 De-

196 4567 319 4664 signet
336 4568 376 4638 A
383 4576 414 4662 p
426 4567 467 4638 E
475 4568 513 4639 P
530 4565 698 4639 tellurem
719 4566 826 4661 aquis
852 4564 1043 4661 profundis
1061 4564 1226 4659 undique
1244 4579 1455 4658 coopertam
1472 4593 1479 4650 ;
1509 4563 1543 4637 C
1564 4590 1649 4639 cen-

197 4701 293 4757 trum
323 4684 424 4780 ejus;
456 4685 501 4769 P,
512 4691 543 4777 p
575 4682 703 4778 polos;
736 4681 776 4752 A
790 4682 831 4753 E
858 4694 1105 4776 aequatorem;
1132 4681 1174 4752 F
1195 4679 1315 4753 locum
1347 4682 1517 4777 quemvis
1544 4697 1649 4756 extra

199 4815 449 4895 aequatorem3
475 4800 516 4870 F
510 4798 549 4893 f
558 4796 771 4893 parallelum
789 4795 859 4871 loci
875 4827 882 4884 ;
909 4796 990 4869 Da'
1005 4794 1219 4892 parallelum
1237 4798 1270 4870 ei
1290 4797 1575 4894 respondentem
1602 4825 1649 4874 ex
