4088 5768
807 416 949 475 LIBER
969 417 1218 478 SECUNDUS.
1495 499 1497 503 ἲ
1676 436 1747 510 335

290 610 431 683 acutior
468 610 537 682 erit
571 626 701 682 vertex
744 608 945 699 columnae;
990 610 1026 684 81
1069 612 1214 687 circello
1255 614 1291 687 in
1336 614 1519 687 infinitum
1553 612 1748 702 diminuto

290 727 447 825 angulus
487 731 608 819 PHQ
651 730 689 803 in
733 731 914 803 infinitum
957 732 1192 822 diminuetur,
1229 735 1303 807 and
1346 750 1544 831 propterea
1579 731 1751 809 columna

284 845 424 943 jacebit
453 847 549 920 intra
578 847 773 920 dimidium
803 847 1030 943 sphaeroidis
1098 849 1170 921 Est
1200 849 1311 947 igitur
1340 851 1512 925 columna
1540 851 1602 926 illa
1632 853 1752 925 minor

290 964 444 1039 dimidio
472 965 700 1062 sphaeroidis,
729 992 794 1039 seu
823 966 967 1039 duabus
996 967 1112 1041 tertiis
1140 969 1306 1064 partibus
1334 967 1487 1065 cylindri
1516 974 1620 1068 cujus
1651 970 1750 1043 basis

291 1096 348 1153 est
382 1080 546 1154 circellus
581 1081 641 1155 ille
676 1082 712 1156 8c
737 1082 895 1158 altitudo
932 1085 1022 1158 GH.
1094 1084 1263 1158 Sustinet
1296 1102 1422 1160 autem
1466 1084 1631 1160 circellus
1671 1087 1748 1159 vim

290 1227 398 1298 aquae
424 1201 580 1297 ponderi
606 1202 715 1299 hujus
732 1201 914 1276 columnae
940 1202 1132 1299 aequalem,
1152 1230 1235 1277 cum
1262 1206 1408 1301 pondus
1427 1230 1534 1301 aquae
1552 1204 1750 1277 ambientis

290 1321 327 1393 in
346 1319 535 1392 defluxum
553 1319 632 1416 ejus
650 1321 893 1416 impendatur.

362 1439 478 1512 Corol.
499 1462 531 1528 9.
564 1437 714 1511 Pondus
740 1463 848 1534 aquae
875 1463 986 1534 quam
1005 1437 1169 1512 circellus
1187 1436 1298 1512 valde
1324 1464 1460 1535 parvus
1486 1435 1561 1527 PQ
1579 1438 1745 1521 sustinet,

291 1553 435 1651 aequale
461 1568 518 1626 est
544 1553 699 1649 ponderi
717 1551 871 1648 cylindri
899 1579 1007 1650 aquae
1026 1554 1129 1651 cujus
1150 1554 1249 1626 basis
1267 1569 1325 1626 est
1352 1551 1517 1626 circellus
1536 1550 1650 1626 ille&
1667 1551 1748 1625 alti-

291 1673 383 1746 tudo
418 1687 475 1744 est
509 1670 579 1768 {G
589 1670 640 1742 H
665 1671 955 1766 quamproxime.
1013 1670 1114 1742 Nam
1153 1671 1300 1765 pondus
1344 1670 1457 1743 hocce
1491 1684 1550 1743 est
1584 1669 1747 1742 medium

292 1787 563 1861 arithmeticum
582 1785 677 1858 inter
700 1785 867 1881 pondera
884 1785 967 1859 coni
985 1784 1022 1858 81
1048 1784 1368 1880 hemisphaeroidis
1394 1785 1591 1881 praedictae.
1646 1785 1702 1857 At
1719 1785 1749 1858 si

293 1903 458 1979 circellus
486 1902 544 1976 ille
563 1928 637 1977 non
656 1903 703 1975 sit
720 1899 831 1975 valde
849 1928 995 1998 parvus
1015 1902 1081 1974 sed
1100 1917 1280 1998 augeatur
1296 1901 1416 1974 donec
1434 1915 1558 1997 aequet
1583 1901 1750 1974 foramen

292 2027 334 2099 E
343 2027 393 2109 F,·
446 2012 505 2096 hic
547 2021 743 2095 sustinebit
784 2023 932 2117 pondus
975 2045 1083 2118 aquae
1127 2020 1239 2094 totius
1282 2019 1352 2092 sibi
1397 2018 1752 2115 perpendiculariter

294 2143 529 2232 imminentis
563 2141 600 2213 id
630 2156 695 2225 est,
726 2141 872 2236 pondus
903 2137 1057 2237 cylindri
1088 2164 1195 2235 aquae
1224 2139 1327 2236 cujus
1358 2138 1457 2210 basis
1488 2149 1545 2211 est
1585 2137 1750 2212 circellus

295 2261 354 2336 ille
372 2262 408 2334 81
425 2259 582 2333 altitudo
600 2273 658 2330 est
679 2257 779 2330 GH.

335 2418 340 2426 ·
363 2380 477 2453 Corol
496 2402 548 2453 10.
580 2376 633 2449 Et
652 2374 845 2473 (quantum
864 2373 999 2472 sentio)
1027 2373 1174 2469 pondus
1193 2373 1293 2469 quod
1322 2370 1487 2446 circellus
1505 2373 1671 2459 sustinet,
1691 2390 1750 2447 est

294 2524 442 2594 semper
471 2497 518 2569 ad
554 2494 701 2591 pondus
731 2492 886 2588 cylindri
920 2517 1038 2588 aquae,
1070 2491 1174 2588 cujus
1208 2490 1308 2563 basis
1338 2505 1396 2562 est
1423 2487 1588 2563 circellus
1623 2488 1683 2564 ille
1714 2490 1751 2564 81

294 2615 449 2692 altitudo
466 2632 524 2691 est
540 2637 561 2717 ᾗ
575 2618 610 2689 G
620 2618 675 2704 H,
695 2629 736 2686 ut
761 2615 803 2686 E
811 2616 854 2686 F
857 2642 880 2711 q
905 2614 953 2687 ad
978 2614 1020 2686 E
1028 2613 1070 2684 F
1073 2612 1259 2708 q-4PQ
1273 2638 1305 2708 q,
1323 2612 1404 2684 sive
1421 2626 1462 2684 ut
1487 2610 1641 2687 circulus
1667 2616 1709 2687 E
1716 2618 1759 2688 F

295 2736 341 2809 ad
359 2761 553 2810 excessum
572 2732 694 2808 circuli
718 2733 826 2831 hujus
844 2757 957 2827 supra
981 2733 1174 2806 semissem
1200 2728 1334 2804 circelli
1352 2730 1436 2819 PQ
1454 2731 1746 2828 quamproxime.

823 2993 1098 3066 LEMMA
1153 2994 1219 3067 lV.

301 3178 482 3274 Cylindri,
508 3177 576 3274 qui
597 3175 788 3252 secundum
814 3172 1078 3269 longitudinem
1107 3198 1212 3247 suurn
1238 3171 1479 3268 uniformiter
1496 3170 1752 3267 progreditur,

347 3314 549 3388 resistentia
578 3340 622 3387 eu
652 3323 760 3386 aucto
789 3312 848 3384 uel
877 3310 1063 3383 diminuto
1092 3312 1169 3407 ejus
1197 3310 1425 3407 longitudine
1450 3336 1523 3383 non
1557 3319 1756 3394 mutatur,-

348 3451 490 3547 r'a'eoqne
504 3450 621 3522 eadem
647 3459 698 3522 est
720 3475 802 3521 cum
820 3448 1020 3522 resistentia
1045 3448 1179 3521 circuli
1191 3447 1309 3520 eadem
1325 3448 1502 3521 deumetro
1518 3447 1691 3543 descripti
1707 3449 1755 3525 ὅ

348 3583 668 3656 endemuelocitate
677 3582 869 3656 seeundum
883 3581 1017 3654 lineam
1032 3592 1164 3654 rectane
1168 3582 1287 3676 pleno
1298 3581 1412 3676 utrius
1414 3580 1754 3677 perpendicularem

341 3720 616 3819 progredientes.

371 3921 473 3995 Nam
524 3919 640 3994 latera
691 3918 845 4018 cylindri
903 3917 1018 3991 motui
1070 3918 1150 4013 ejus
1204 3916 1355 3990 minime
1405 3930 1666 4012 opponuntur:
1718 3913 1755 3987 81

302 4036 497 4134 cylindrus
541 4037 773 4137 longitudine
819 4038 899 4135 ejus
943 4036 979 4109 in
1032 4034 1214 4109 infinitum
1265 4034 1456 4121 diminuta,
1501 4033 1537 4105 in
1581 4030 1754 4105 circulum

304 4157 464 4231 vertitur.
