4088 5768
295 471 364 542 150
763 447 1259 509 Darmwcorrr’onttu

289 668 423 740 corpus
459 642 497 714 T
518 640 717 738 impellitur
742 666 872 714 versus
900 642 935 715 C
961 656 1020 714 est
1045 658 1087 714 ut
1111 641 1288 715 distantia
1316 641 1351 714 C
1363 640 1404 727 Τ,
1432 655 1551 737 atque
1573 640 1666 719 haec
1683 644 1766 743 (per

290 761 417 859 legum
435 758 543 835 corol.
565 758 601 858 2)
622 757 819 833 resolvitur
836 759 872 831 in
891 774 1016 855 partes
1036 758 1071 832 C
1079 759 1134 845 X,
1160 758 1199 831 T
1204 758 1258 843 X,
1275 782 1433 853 quarum
1453 757 1546 831 CX
1561 758 1761 857 impellen-

289 879 341 952 do
369 903 502 973 corpus
528 878 667 950 directe
693 902 716 949 a
740 878 779 950 P
805 874 984 948 distendit
1009 872 1112 947 filum
1137 876 1176 948 P
1193 876 1231 949 T
1252 873 1290 947 81
1314 900 1382 970 per
1401 875 1484 973 ejus
1502 876 1761 953 resistentiam

289 1010 369 1069 tota
395 1009 525 1079 cessat,
553 992 693 1066 nullum
718 991 832 1066 alium
858 991 975 1064 edens
1000 991 1198 1078 effectum3
1227 1016 1313 1088 pars
1342 1007 1469 1066 autem
1500 992 1629 1069 altera
1666 996 1708 1069 T
1707 996 1759 1083 X,

290 1112 460 1210 urgendo
487 1136 619 1206 corpus
647 1110 887 1184 transversim
914 1135 981 1183 seu
1009 1135 1140 1183 versus
1166 1110 1219 1196 X,
1238 1110 1378 1185 directe
1401 1109 1595 1187 accelerat
1617 1130 1759 1191 motum

290 1231 371 1327 ejus
400 1230 435 1301 in
464 1226 650 1324 cycloide;
677 1228 913 1301 manifestum
939 1241 997 1300 est
1022 1227 1124 1322 quod
1152 1227 1317 1324 corporis
1344 1224 1580 1317 acceleratio,
1610 1230 1760 1309 huicvi

288 1344 531 1420 acceleratrici
558 1341 851 1439 proportionalis,
879 1343 928 1415 sit
952 1341 1107 1440 singulis
1134 1344 1333 1417 momentis
1358 1359 1399 1418 ut
1423 1341 1633 1443 longitudo
1665 1350 1706 1425 T
1706 1352 1757 1439 X,

292 1464 330 1536 id
361 1476 427 1549 est,
459 1462 508 1535 ob
538 1461 645 1534 datas
678 1460 771 1547 CV,
811 1460 864 1532 W
880 1460 918 1532 V
952 1460 1070 1556 iisque
1104 1459 1398 1557 proportionales
1439 1462 1480 1535 T
1481 1464 1539 1551 X,
1579 1466 1620 1539 Τ
1634 1468 1692 1557 W,
1720 1486 1759 1545 ut

289 1578 485 1678 longitudo
519 1579 557 1650 T
571 1578 626 1664 W,
645 1577 716 1651 hoc
741 1593 799 1651 est
819 1577 902 1675 (per
918 1575 1026 1652 corol.
1052 1601 1064 1651 1
1088 1603 1190 1674 prop.
1220 1577 1326 1678 xmx)
1355 1595 1397 1653 ut
1421 1578 1630 1680 longitudo
1653 1610 1754 1663 arcus

285 3899 460 3997 cycloidis
485 3905 523 3976 T
526 3906 575 3980 R.
633 3906 807 3981 Pendulis
826 3910 937 4009 igitur
953 3911 1098 3988 duobus
1116 3917 1157 3988 A
1170 3918 1209 3988 P
1225 3917 1266 4003 T,
1285 3918 1326 3990 Α
1333 3927 1365 4014 p
1379 3928 1396 3991 t
1411 3918 1460 3993 de
1479 3912 1729 4017 perpendiculo

284 4019 325 4090 A
343 4020 382 4091 R
417 4019 648 4116 inaequaliter
675 4024 844 4098 deductis
879 4026 915 4099 &
949 4028 1057 4101 simul
1089 4031 1259 4120 dimissis
1295 4033 1581 4110 accelerationes
1614 4056 1728 4111 eorum

284 4159 433 4231 semper
449 4154 557 4211 erunt
575 4156 616 4212 ut
633 4166 738 4213 arcus
756 4142 988 4216 describendi
1014 4147 1106 4237 ΤΕ,
1126 4151 1200 4222 tR.
1272 4151 1369 4225 Sunt
1386 4168 1512 4226 autem
1530 4171 1656 4250 partes
1670 4150 1729 4225 sub

284 4249 388 4324 initio
430 4252 626 4350 descriptae
670 4271 711 4328 ut
753 4256 1045 4348 accelerationes,
1090 4264 1161 4337 hoc
1203 4282 1269 4352 cst,
1309 4284 1350 4341 ut
1392 4284 1481 4342 totae
1524 4271 1597 4344 sub
1639 4268 1728 4343 initio

282 4365 545 4456 describendae,
591 4371 628 4444 &
671 4388 867 4468 propterea
918 4393 1041 4471 partes
1085 4405 1170 4476 quae
1213 4400 1364 4457 manent
1405 4384 1662 4461 describendae
1698 4382 1728 4457 81

281 4480 566 4559 accelerationes
583 4488 863 4583 subsequentes
883 4490 940 4563 his
958 4496 1123 4588 partibus
1141 4497 1444 4594 proportionales,
1463 4520 1554 4578 sunt
1572 4504 1681 4577 etiam
1695 4514 1728 4573 ut

282 4611 392 4683 totae;
445 4599 482 4672 81
515 4603 569 4674 sic
602 4603 786 4700 deinceps.
867 4607 964 4682 Sunt
1008 4611 1119 4709 igitur
1161 4613 1454 4703 accelerationes,
1498 4634 1615 4717 atque
1655 4618 1728 4693 ideo

283 4710 499 4789 velocitates
528 4720 665 4815 genitae
697 4720 733 4793 8t
766 4740 891 4817 partes
927 4726 983 4799 his
1018 4727 1277 4805 velocitatibus
1311 4733 1507 4829 descn'ptae
1541 4750 1727 4833 partesque

284 4828 549 4920 describendae,
567 4860 716 4932 semper
733 4854 774 4912 ut
792 4854 901 4930 totae;
929 4842 965 4915 &
983 4861 1178 4941 propterea
1196 4864 1321 4943 partes
1341 4849 1598 4929 describendae
1614 4852 1725 4929 datam
