4110 5782
437 414 511 501 426
836 430 844 444 ·
892 408 959 466 DE
981 406 1147 466 Metto!
1160 405 1188 464 S
1195 403 1434 463 l'STEJIATE

435 587 553 663 altera
579 602 685 686 parte
714 585 935 683 aquatoris;
960 584 997 657 L
1022 582 1144 656 locum
1162 606 1274 677 quem
1292 579 1381 652 luna
1405 579 1524 650 tribus
1548 594 1636 649 aute
1661 576 1761 648 horis
1787 600 1901 647 occu·

437 706 575 805 talou
613 704 664 777 ll
685 700 806 777 locum
838 700 979 775 telluris
1004 700 1039 773 ei
1070 696 1423 795 perpendiculariter
1449 695 1679 792 subjectum
1716 689 1902 764 lzlocum

436 824 520 898 huic
536 821 771 919 oppisitum
796 820 849 904 K,
863 820 889 892 k
904 819 986 893 loca
1000 818 1086 891 inde
1102 817 1281 916 gradibus
1296 840 1347 908 90
1359 815 1558 899 distantia;
1579 814 1615 886 C
1623 813 1678 887 H.
1698 811 1734 884 C
1739 811 1765 882 h
1784 810 1903 882 man‘s

349 956 353 963 '
435 936 649 1013 altitudines
676 937 857 1009 maximas
884 950 1115 1008 mensuratas
1139 959 1163 1005 a
1187 950 1317 1005 centro
1342 929 1506 1007 telluris:
1537 929 1575 1002 ἃ
1602 929 1638 1002 C
1642 929 1700 1013 K,
1721 928 1757 1001 C
1762 928 1791 998 k
1815 926 1901 1000 alti-

437 1054 584 1128 tudines
613 1052 807 1126 minimas:
834 1050 872 1125 u
897 1051 927 1123 si
954 1050 1086 1123 axibus
1112 1049 1164 1120 H
1166 1048 1202 1133 lt,
1229 1047 1277 1120 K
1284 1047 1310 1119 k
1334 1047 1565 1119 describatur
1588 1043 1737 1140 ellipsis,
1757 1043 1901 1117 deinde

436 1170 608 1270 ellipseos
627 1171 734 1269 hujus
749 1169 979 1244 revolutione
996 1169 1091 1241 circa
1108 1192 1217 1239 axem
1235 1167 1413 1263 majorem
1432 1167 1484 1238 H
1488 1166 1513 1237 Ιι
1529 1165 1759 1238 describatur
1774 1162 1901 1258 sphae·

438 1290 511 1365 tois
538 1289 587 1362 ll
594 1289 632 1361 Ι)
644 1288 691 1361 K
697 1287 722 1361 d
725 1296 756 1383 p
768 1287 794 1360 k
807 1318 822 1373 ,⁰
854 1286 1067 1383 designabit

438 1406 517 1481 lucc
532 1405 686 1503 liguram
703 1404 813 1477 maris
825 1428 938 1500 quam
953 1428 1064 1499 prox-

439 1522 521 1608 ime,
550 1520 586 1594 ἃ
612 1534 722 1595 erunt
750 1520 836 1606 CF,
867 1520 901 1593 C
899 1518 938 1613 fi
969 1518 1004 1592 C
1012 1520 1063 1603 l),

440 1636 511 1711 ccl
531 1635 745 1711 altitudines
772 1635 883 1707 maris
913 1635 948 1706 in
975 1633 1065 1708 locis

444 1752 483 1839 F,
501 1750 541 1848 f,
570 1751 671 1836 l)‚d.
726 1750 942 1845 Quinetiam
969 1752 1001 1822 si
1029 1751 1108 1844 inlr

439 1867 592 1967 prtesata
626 1866 799 1963 ellipseos
835 1865 1065 1941 revolutione

438 2000 614 2083 punctum
633 1985 794 2083 quodvis
816 1984 866 2057 N
880 1983 1066 2056 describat

437 2099 610 2177 clrculum
639 2102 688 2175 N
696 2103 755 2188 M,
783 2116 970 2177 secantem
1001 2126 1064 2196 pa·

438 2215 583 2293 rallelos
609 2217 684 2315 lr'fi
703 2219 785 2292 Dd
807 2219 843 2292 in
868 2218 958 2292 locis
984 2218 1063 2314 qui-

436 2333 566 2409 busvis
598 2336 647 2425 lt',
692 2336 732 2422 Τ,
764 2335 802 2410 dt
836 2350 1063 2431 aequatorem

436 2450 476 2523 A
494 2450 532 2524 lr'
549 2449 584 2523 in
610 2452 643 2523 S
651 2483 665 2537 ;
690 2452 760 2525 erit
780 2450 872 2525 CN
886 2448 1042 2523 altitudo
1060 2447 1172 2520 maris
1190 2447 1226 2519 in
1245 2444 1335 2520 locis
1354 2444 1535 2530 omnibus,
1554 2446 1604 2534 R,
1625 2445 1665 2532 S,
1690 2445 1730 2529 T,
1749 2442 1830 2515 sitis
1856 2440 1896 2513 in

437 2566 507 2641 hoc
525 2565 667 2644 circulo.
725 2568 826 2641 llinc
838 2567 887 2666 dn
915 2564 1146 2640 revolutione
1164 2563 1297 2637 diurna
1321 2561 1391 2636 loci
1410 2562 1572 2660 cujusvis
1589 2562 1631 2633 F
1650 2561 1808 2634 affluxus
1825 2558 1899 2631 erit
1976 2581 1979 2586 ·

437 2684 620 2758 maximus
639 2684 675 2757 in
694 2685 735 2757 F
757 2685 848 2758 hora
872 2685 980 2757 tertia
998 2700 1082 2779 post
1099 2680 1296 2778 appulsum
1322 2680 1420 2755 lunae
1438 2682 1485 2754 ad
1513 2680 1756 2754 meridianum
1782 2705 1897 2775 supra

437 2802 688 2887 horizontem:
716 2818 847 2899 postea
865 2802 1036 2875 delluxus
1059 2802 1241 2873 maximus
1261 2801 1297 2874 in
1317 2801 1351 2890 Q
1379 2800 1470 2873 hora
1487 2801 1595 2873 tertia
1620 2814 1706 2895 post
1722 2823 1895 2872 occasum

436 2916 555 3007 lunum
583 2919 668 2994 dein
687 2920 845 2994 alssuxus
867 2920 1049 2993 maximus
1068 2920 1103 2992 in
1120 2920 1160 3014 f
1176 2920 1267 2993 hora
1285 2920 1393 2992 tertia
1410 2934 1496 3014 post
1512 2917 1707 3015 appulsum
1730 2917 1827 2992 lunae
1845 2919 1894 2992 ad

438 3035 679 3110 meridianum
712 3035 804 3110 infra
833 3037 1084 3122 horizontem3
1111 3034 1241 3110 ultimo
1271 3036 1442 3108 defluxus
1472 3038 1654 3109 maximus
1685 3037 1721 3110 in
1744 3037 1778 3126 Q
1804 3035 1896 3109 hora

438 3151 545 3227 tertio
571 3167 656 3249 post
682 3169 801 3225 ortum
829 3151 950 3239 lunae;
978 3154 1014 3227 &
1040 3154 1198 3226 affluxus
1229 3154 1412 3249 posterior
1429 3154 1466 3225 in
1486 3153 1525 3248 f
1546 3154 1616 3227 erit
1645 3154 1765 3225 minor
1782 3177 1895 3248 quam

437 3271 594 3347 nllluxus
613 3271 713 3369 prior
731 3272 766 3345 iu
793 3270 835 3347 F.
893 3271 1144 3367 Distinguitur
1161 3271 1259 3345 enim
1287 3297 1388 3345 mare
1415 3286 1532 3345 totum
1565 3272 1600 3343 in
1629 3271 1723 3344 duos
1741 3270 1895 3343 omnino

438 3388 569 3465 lluctus
598 3387 907 3485 ltomisplmrieos
928 3413 1041 3461 unum
1067 3388 1102 3461 in
1132 3389 1392 3484 hemisphaerio
1409 3389 1457 3460 K
1464 3389 1515 3460 H
1522 3389 1547 3460 d
1574 3389 1623 3461 ad
1642 3389 1793 3460 boream
1811 3412 1894 3458 ver-

436 3522 596 3603 gentem.
616 3504 771 3579 ultorum
792 3505 827 3578 io
855 3504 1115 3602 hemisphaerio
1133 3506 1306 3602 opposito
1324 3506 1371 3578 K
1379 3505 1467 3589 Ιώ·
1493 3530 1587 3601 quos
1614 3505 1725 3603 igitur
1742 3504 1895 3576 fluctum

438 3621 622 3697 lmrealom
642 3621 842 3697 &fluctum
862 3620 1059 3695 australem
1076 3623 1265 3695 nominare
1284 3621 1376 3694 licet.
1436 3620 1488 3694 Hi
1508 3621 1641 3694 fluctus
1659 3646 1807 3716 semper
1823 3621 1894 3692 sibi

438 3756 566 3813 mutuo
592 3739 752 3838 oppositi
772 3740 926 3812 veniunt
944 3764 1009 3835 per
1028 3739 1127 3811 vices
1145 3739 1192 3810 ad
1221 3739 1444 3811 meridianos
1463 3737 1625 3811 locorum
1652 3736 1893 3835 singulorum,

439 3856 654 3955 interposito
674 3856 866 3932 intervallo
884 3858 1056 3930 horarum
1075 3856 1256 3931 lunarium
1275 3858 1480 3932 duodecim.
1537 3859 1708 3954 Cumque
1722 3860 1895 3955 regiones

438 3971 603 4047 liomnlos
644 3974 762 4069 tnagis
798 3972 1017 4069 participant
1057 3973 1206 4046 lluctum
1247 3974 1443 4059 borealem,
1480 3975 1516 4046 8c
1555 3974 1733 4047 australes
1773 3976 1894 4072 magis

436 4089 642 4169 australem.
672 4090 757 4165 iudo
785 4091 952 4164 oriuntur
977 4108 1090 4163 :estus
1124 4089 1273 4163 alternis
1301 4091 1443 4164 vicibus
1473 4092 1631 4187 majores
1660 4092 1696 4163 ἃ
1731 4091 1895 4165 minores

437 4206 472 4279 io
505 4204 593 4279 locis
624 4206 778 4303 siugulis
808 4223 913 4281 extro
940 4223 1177 4303 aquatorum,
1208 4208 1243 4281 in
1271 4209 1405 4304 quibus
1436 4207 1629 4281 luminaria
1659 4209 1825 4282 oriuntur
1855 4208 1893 4281 δι

436 4321 616 4395 oodduut.
673 4322 808 4397 :listus
834 4341 958 4397 nutem
986 4323 1110 4418 umjor,
1131 4321 1216 4395 luna
1242 4325 1276 4396 iu
1304 4324 1480 4397 verticem
1507 4323 1575 4398 loci
1594 4325 1811 4403 declinante.
1838 4325 1891 4395 in-

436 4436 532 4511 cidet
561 4437 596 4510 iu
625 4436 751 4510 borum
779 4438 921 4511 circiter
947 4439 1093 4511 tertium
1123 4456 1208 4535 post
1226 4441 1421 4537 appulsum
1443 4441 1540 4514 lunae
1566 4442 1614 4515 ad
1646 4443 1890 4515 meridianum

436 4578 546 4648 supra
566 4552 803 4633 ltoriumtutu.
819 4554 854 4627 d·
873 4552 958 4627 luna
976 4553 1259 4629 declinationem
1278 4576 1444 4632 mutante
1462 4576 1628 4632 vertetur
1645 4561 1681 4631 in
1700 4560 1889 4632 minorem.

441 4666 489 4740 lit
526 4666 689 4741 llusuum
725 4669 931 4744 dilemma
968 4672 1127 4745 maximo
1167 4673 1302 4749 incidet
1339 4677 1374 4746 in
1415 4692 1583 4771 tempora
1622 4675 1890 4753 solstitiorum:

436 4783 638 4877 presertim
674 4786 704 4857 si
742 4784 836 4859 luun-
873 4786 992 4860 nodus
1027 4788 1232 4862 ascendens
1263 4808 1431 4864 versatur
1466 4794 1501 4865 in
1538 4794 1718 4888 principio
1752 4792 1886 4864 arietis.

1342 5086 1361 5115 ¹.
