4110 5782
780 442 922 503 rcere
942 445 1125 506 petuas.
1613 457 1656 528 18
1661 477 1680 549 5

324 792 697 869 PROPOSITIO
735 797 930 875 LXVII.
997 801 1353 878 THEOREMA
1393 805 1592 882 XXVII.

227 1005 366 1078 Pontii
381 1006 506 1080 iridem
522 1008 785 1084 attractionem
810 1012 955 1109 legibus,
973 1013 1051 1087 dcco
1073 1015 1174 1111 quoa'
1193 1026 1323 1113 eorpus
1346 1017 1504 1093 extm‘us
1529 1018 1569 1110 S,
1587 1019 1685 1094 circa

277 1139 496 1213 interiorum
525 1142 563 1227 P,
584 1142 619 1214 T
645 1147 1041 1242 commuuegraoitatis
1060 1157 1224 1224 teretrum
1243 1149 1291 1241 O,
1310 1151 1429 1226 radii}
1452 1152 1507 1225 ad
1517 1163 1683 1228 centrum

273 1274 379 1348 illuct
390 1275 515 1360 ductc's,
528 1274 695 1348 descm‘bit
709 1301 816 1351 areas
832 1280 1048 1374 temporibus
1064 1283 1182 1378 arogis
1189 1285 1484 1381 proportionales
1501 1289 1551 1367 ἐπ’
1566 1289 1685 1363 orbem

279 1405 333 1478 ad
341 1405 513 1511 sorucam
529 1410 687 1505 ellepsem
712 1410 923 1486 umbilicum
940 1413 980 1486 iu
1001 1423 1122 1488 centro
1145 1417 1260 1491 codem
1275 1419 1439 1494 habentis
1463 1422 1581 1519 arogis
1596 1448 1684 1498 acce·

279 1537 426 1625 deutero,
440 1566 551 1636 quam
567 1542 664 1614 circa
680 1552 809 1639 corpus
825 1545 1000 1619 cutemum
1019 1519 1074 1627 do'
1085 1550 1290 1624 mmmm
1309 1551 1356 1641 T,
1371 1551 1491 1627 radici
1501 1553 1683 1651 adipsum

279 1671 407 1762 ductii,
425 1673 616 1748 descm'bere
622 1684 748 1770 potest.

299 1908 400 1981 Nam
419 1911 582 2005 corporis
608 1913 643 1984 S
664 1913 900 1987 attractiones
925 1938 1007 1988 ver·

230 2053 293 2100 sus
319 2028 357 2099 T
377 2028 413 2101 &
431 2030 712 2126 Pcomponunt
738 2031 852 2126 ipsius
879 2046 1010 2106 attrac-
1365 2128 1369 2133 ᾗ

231 2146 369 2220 tionem
383 2144 599 2232 absolutam,
612 2172 697 2242 quae
710 2147 829 2243 magis
843 2147 1012 2246 dirigitur
1066 2033 1140 2589 ξ
1384 2156 1402 2181 ’“

231 2262 268 2336 in
287 2287 482 2356 corporum
509 2263 547 2334 T
558 2262 594 2335 81
612 2263 650 2333 P
666 2287 862 2336 commune
886 2265 1009 2362 gravi·
1046 2292 1063 2342 s

230 2380 316 2452 tatis
359 2396 525 2453 centrum
563 2381 605 2464 O,
641 2404 753 2475 quam
797 2381 834 2452 in
877 2405 1011 2476 corpus

231 2496 433 2568 maximum
472 2496 511 2581 T,
539 2520 699 2591 quaeque
729 2496 910 2590 quadrato
935 2498 1009 2570 dis-

230 2612 357 2685 tantiae
388 2613 469 2684 SO
494 2611 612 2708 magis
642 2626 700 2683 est
729 2611 1012 2707 proportionalis

232 2729 425 2824 reciproce,
453 2755 565 2826 quam
592 2728 773 2826 quadrato
799 2729 984 2804 distantiae
1012 2732 1115 2807 ST:
1141 2749 1183 2806 ut
1209 2759 1286 2807 rem
1312 2733 1555 2829 perpendenti
1581 2732 1688 2808 facile

231 2846 423 2925 constabit

295 3205 667 3279 PROPOSITIO
715 3207 933 3284 LXVIII.
989 3208 1345 3284 THEOREMA
1393 3209 1621 3284 XXVIII.

229 3423 368 3498 Positck
402 3421 525 3495 iisdem
558 3420 820 3495 attractcouum
862 3423 1007 3520 legibus,
1042 3422 1120 3497 de'co
1160 3423 1259 3521 quod
1287 3433 1416 3521 eorpus
1452 3423 1611 3497 extm'us
1643 3422 1685 3508 S,

280 3558 377 3631 circo
403 3557 622 3629 interiorum
651 3555 678 3627 P
709 3557 758 3634 &³
781 3555 819 3627 Τ
829 3581 1014 3630 commuue
1027 3557 1231 3654 grauitatis
1255 3566 1419 3630 centrum
1437 3554 1483 3644 O,
1503 3556 1622 3630 roduik
1636 3554 1692 3629 acl

280 3701 444 3765 centrum
463 3689 562 3762 illud
574 3689 700 3775 ductis,
718 3688 886 3762 descm'bit
899 3716 1005 3764 areas
1022 3691 1239 3786 temporibus
1255 3691 1373 3788 ooagrk
1380 3690 1685 3787 proportionales,

283 3828 331 3904 ὃ
356 3825 474 3897 orbem
498 3822 552 3895 aa’
566 3822 739 3918 sormam
768 3824 924 3920 ellipseos
940 3826 1152 3899 umbilicum
1177 3824 1217 3897 iu
1243 3833 1364 3897 centro
1387 3823 1502 3896 eodem
1526 3809 1697 3898 habenti<

280 3959 397 4056 magis
413 3956 636 4045 accedentem,
654 3955 690 4029 si
703 3965 832 4051 corpus
848 3957 1023 4030 uictimam
1043 3960 1091 4035 ὢ*
1108 3959 1310 4032 marimum
1334 3958 1393 4030 leis
1408 3958 1688 4032 attractionibus

272 4093 427 4190 perticeta
442 4100 549 4187 atque
572 4099 697 4162 catera
717 4090 889 4186 agitetur,
907 4114 1019 4187 quoae
1036 4091 1072 4164 si
1085 4089 1128 4163 ia'
1141 4092 1199 4163 vel
1212 4117 1285 4164 non
1301 4099 1505 4164 attractum
1520 4091 1685 4187 quiescat,

281 4229 339 4302 oet
364 4227 481 4299 multo
507 4225 626 4321 ocagck
650 4233 719 4296 aut
745 4225 861 4297 multo
886 4224 1010 4317 miuus
1033 4231 1235 4297 attractum
1258 4231 1329 4298 out
1351 4224 1468 4299 multo
1483 4223 1604 4324 magu‘s
1618 4233 1690 4299 aut

281 4363 397 4434 oculto
412 4359 537 4433 minus
553 4358 722 4455 agitetur.

297 4577 587 4651 Demonstratur
612 4573 745 4646 eodem
772 4572 848 4646 sere
875 4573 988 4647 modo
1013 4598 1096 4646 cum
1123 4597 1227 4671 prop.
1257 4595 1346 4646 val
1372 4570 1439 4648 sed
1465 4588 1685 4672 argumento

230 4693 435 4792 prolixiore,
481 4689 581 4786 quod
627 4690 711 4764 ideo
755 4704 944 4785 praetere0.
1033 4689 1228 4764 Sufficeret
1271 4716 1349 4765 rem
1392 4690 1444 4764 sic
1487 4690 1682 4765 aestimare

232 4812 292 4884 Ex
312 4808 626 4884 demonstratione
654 4807 916 4903 propositionis
943 4807 1155 4881 novissimae
1181 4805 1299 4903 liquet
1324 4822 1500 4896 centrum,
1520 4807 1557 4882 in
1583 4806 1684 4905 quod
1715 4831 1718 4837 ·
