4088 5768
686 929 1351 1058 AXIOMATA,

963 1211 1077 1261 SIVE

766 1416 982 1502 LEGES
1034 1417 1268 1502 MOTUS.

895 1877 1043 1954 LEX
1099 1882 1137 1958 Ι.

290 2103 433 2200 Corpus
465 2123 569 2174 omne
590 2105 824 2194 perseverare
850 2094 892 2169 in
924 2103 1026 2170 statu
1054 2123 1120 2172 suo
1144 2099 1347 2197 quiescendi
1378 2105 1436 2178 vel
1465 2106 1632 2180 morardi
1662 2107 1746 2180 uni-

326 2234 511 2335 formiter
525 2233 567 2307 in
583 2231 771 2321 directum,
790 2229 869 2305 nisi
889 2238 1070 2327 quatenus
1085 2232 1189 2307 illud
1203 2261 1228 2308 a
1245 2235 1387 2312 viribus
1403 2237 1587 2336 impressis
1606 2240 1752 2340 cogitur

337 2379 476 2445 statum
491 2392 600 2443 mum
617 2372 770 2439 mutare.

384 2580 717 2682 ROJECTILIA
752 2595 994 2677 perseverant
1028 2580 1065 2654 in
1100 2582 1262 2658 motibus
1296 2586 1382 2673 suis,
1410 2586 1479 2660 nisi
1506 2603 1690 2685 quatenus
1724 2614 1748 2664 a

433 2701 640 2778 resistentia
667 2698 762 2774 ae'ris
791 2697 1032 2785 retardantur,
1052 2697 1088 2771 82
1115 2699 1153 2773 vi
1170 2702 1365 2798 gravitatis
1386 2704 1624 2803 impelluntur
1640 2708 1746 2783 deor·

288 2848 380 2898 sum.
437 2820 616 2904 Trochus,
644 2817 748 2915 cujus
773 2829 898 2912 partes
924 2815 1146 2890 cohaerendo
1171 2836 1352 2915 perpetuo
1383 2823 1575 2897 retrahunt
1607 2849 1691 2900 sese
1724 2849 1749 2899 a

289 2941 449 3015 motibus
468 2936 672 3022 rectilineis,
691 2959 765 3010 non
784 2948 905 3008 cessat
928 2935 1047 3020 rotari,
1067 2935 1136 3007 nisi
1160 2951 1344 3032 quatenus
1361 2941 1409 3014 ab
1426 2953 1512 3016 atre
1529 2943 1744 3018 retardatur.

291 3056 436 3155 Majora
478 3070 602 3129 autem
646 3051 876 3150 planetarum
912 3051 948 3125 dt
982 3068 1208 3127 cometarum
1243 3080 1397 3154 corpora
1431 3076 1554 3134 motus
1587 3086 1676 3137 suos
1710 3060 1748 3135 8ι

288 3174 543 3274 progressivos
570 3173 607 3246 81
635 3169 828 3246 circulares
855 3170 891 3243 in
918 3171 1047 3267 spatiis
1073 3172 1195 3246 minus
1229 3174 1484 3250 resistentibus
1509 3176 1626 3252 factos
1660 3204 1745 3253 con-

288 3307 439 3368 servant
455 3290 603 3365 diutius.

873 3583 1021 3658 LEX
1078 3586 1156 3661 ΙΙ.

287 3803 539 3879 Mutationem
564 3811 682 3876 motus
697 3801 1016 3899 proportzbnalem
1040 3827 1110 3876 esse
1132 3802 1173 3876 oi
1196 3802 1344 3876 motrici
1366 3803 1555 3901 impresso,
1589 3806 1639 3884 ὦ·
1651 3804 1751 3902 fieri

512 3937 706 4013 secundum
720 3937 856 4010 lineam
873 3945 1007 4010 rectam
1023 3962 1097 4034 qua
1114 3937 1171 4012 vis
1186 3936 1255 4010 illa
1274 3936 1518 4034 imprimitur.

355 4154 397 4230 Si
431 4153 489 4228 vis
523 4151 647 4250 aliqua
682 4167 823 4227 motum
859 4151 1030 4249 quemvis
1069 4167 1244 4251 generet;
1288 4149 1402 4249 dupla
1436 4150 1599 4249 duplum,
1638 4153 1747 4252 tripla

289 4270 435 4370 triplum
471 4271 674 4371 generabit,
705 4270 786 4345 sive
811 4268 918 4344 simul
947 4270 983 4344 81
1008 4269 1132 4359 semel,
1159 4272 1240 4345 sive
1264 4270 1449 4370 gradatim
1477 4270 1747 4349 &successive

289 4391 467 4488 impressa
483 4391 602 4465 fuerit
676 4389 729 4462 Et
756 4389 815 4462 hic
839 4403 962 4462 motus
982 4386 1172 4485 (quoniam
1191 4389 1228 4461 in
1256 4388 1414 4462 eandem
1432 4413 1581 4486 semper
1597 4388 1746 4490 plagam

288 4535 371 4584 cum
397 4509 434 4584 vi
460 4508 689 4609 generatrice
714 4504 994 4604 determinatur)
1023 4504 1054 4578 si
1080 4530 1214 4601 corpus
1239 4521 1349 4579 antea
1375 4505 1602 4594 movebatur,
1630 4506 1746 4581 motui

287 4629 367 4727 ejus
392 4625 452 4703 vel
479 4625 703 4724 conspiranti
733 4623 891 4711 additur,
927 4621 988 4698 vel
1022 4623 1205 4698 contrario
1239 4623 1464 4710 subducitur,
1500 4622 1559 4698 vel
1595 4624 1747 4723 obliquo

288 4743 437 4842 oblique
470 4744 649 4843 adjicitur,
681 4742 717 4816 81
742 4768 826 4817 cum
853 4767 899 4816 eo
933 4740 1137 4816 secundum
1172 4740 1363 4838 utriusque
1397 4742 1745 4819 determinationem
1859 4836 1863 4842 .

287 4863 532 4959 componitur.
