4088 5768
792 492 793 495 γ
850 441 991 501 LIBER
1011 441 1195 502 PRJMch.
1702 455 1748 545 83

297 636 526 733 applicentur
551 660 656 708 crura
681 636 781 722 BA,
804 635 896 722 CA,
915 635 1034 731 primo
1060 636 1108 708 ad
1135 652 1312 732 punctum
1330 639 1381 724 D,
1401 639 1537 714 deinde
1568 644 1615 715 ad
1634 671 1746 740 punc-

297 769 376 826 tum
402 754 447 838 P,
468 752 504 825 &
531 767 706 826 notentur
730 767 868 847 puncta
893 751 951 838 M,
969 753 1021 824 N
1043 753 1079 825 in
1106 754 1241 850 quibus
1272 753 1389 828 altera
1419 781 1524 829 crura
1549 759 1645 846 BL,
1669 763 1744 835 CL

296 897 383 944 casu
402 886 558 965 utroque
575 895 617 942 se
637 869 843 943 decussant
914 868 1063 966 Agatur
1088 886 1188 943 recta
1214 853 1356 944 infinita
1381 873 1498 959 MN,
1519 875 1555 947 &
1581 893 1748 953 rotentur

294 985 418 1084 anguli
446 985 496 1058 illi
516 985 677 1059 'mobiles
707 986 842 1058 circum
873 983 979 1081 polos
1004 1012 1093 1061 suos
1116 989 1164 1075 B,
1187 989 1225 1074 C,
1245 1012 1290 1061 ea
1315 985 1465 1086 legent
1482 1016 1628 1066 crurum
1646 998 1744 1085 BL,

297 1104 377 1179 CL
404 1101 464 1176 vel
491 1103 530 1175 B
544 1104 603 1190 M,
638 1103 736 1177 CM
758 1103 978 1188 intersecti0,
1010 1129 1094 1199 quae
1115 1105 1194 1201 jam
1220 1104 1269 1177 sit
1294 1130 1341 1191 m,
1369 1105 1506 1180 incidat
1532 1134 1681 1206 semper
1707 1114 1744 1186 in

294 1234 432 1293 rectam
463 1216 561 1291 illam
592 1218 773 1292 infinitam
802 1219 860 1291 M
865 1219 918 1291 N
922 1250 939 1305 ,·
967 1219 1005 1292 81
1029 1245 1175 1292 crurum
1200 1221 1239 1292 B
1249 1221 1304 1309 A,
1336 1221 1429 1308 CA,
1456 1221 1516 1297 vel
1541 1227 1581 1305 B
1590 1228 1640 1314 l),
1663 1230 1746 1303 CB

293 1335 513 1421 intersectio,
533 1361 618 1432 quae
629 1338 708 1434 jam
726 1337 775 1410 sit
798 1336 832 1423 d,
851 1336 1097 1433 trajectoriam
1124 1337 1318 1433 quaesitam
1334 1339 1374 1410 P
1385 1339 1426 1412 A
1439 1340 1483 1412 D
1493 1341 1524 1412 d
1527 1343 1567 1414 B
1583 1343 1742 1418 delinea-

293 1453 357 1529 bit.
431 1453 532 1526 Nam
557 1470 736 1550 punctum
760 1455 791 1526 d
814 1455 895 1552 (per
919 1451 1002 1527 lem.
1032 1452 1125 1551 xxl.)
1154 1454 1343 1552 continget
1360 1457 1561 1534 sectionem
1579 1463 1744 1537 conicam

289 3538 358 3608 per
374 3526 512 3606 puncta
528 3511 575 3596 B,
597 3511 632 3583 C
648 3523 919 3596 transeuntem
947 3507 983 3582 81
1009 3509 1071 3582 ubi
1098 3523 1275 3605 punctum
1301 3535 1339 3581 m
1363 3509 1506 3584 accedit
1530 3511 1578 3583 ad
1605 3526 1742 3607 puncta

290 3629 338 3714 L,
357 3628 417 3714 M,
437 3629 492 3715 N,
512 3641 688 3724 punctum
706 3625 736 3698 d
752 3624 833 3722 (per
858 3623 1181 3722 constructionem)
1201 3626 1352 3700 accedet
1369 3628 1416 3700 ad
1435 3643 1572 3723 puncta
1588 3629 1629 3700 A
1643 3629 1739 3702 DP.

293 3746 535 3820 Describetur
560 3746 684 3840 itaque
710 3742 825 3816 sectio
851 3743 977 3817 conica
1002 3742 1184 3815 transiens
1205 3767 1273 3839 per
1289 3760 1425 3839 puncta
1442 3745 1605 3841 quinque
1622 3745 1676 3831 A,
1695 3745 1741 3830 B,

293 3865 468 3952 C,P,D.
525 3861 737 3954 Q.E.F.'
1547 3949 1549 3952 y

370 3982 487 4057 Corol.
522 4005 549 4053 1.
582 3977 684 4051 Hinc
728 3991 827 4050 recta
866 3974 1041 4071 expedite
1075 3972 1159 4045 duci
1202 3989 1334 4069 potest,
1371 4002 1456 4072 quae
1498 3976 1743 4075 trajectoriam

289 4099 486 4198 quaesitam
504 4098 541 4171 in
559 4109 698 4193 puncto
716 4094 847 4192 quovis
865 4092 953 4164 dato
969 4091 1009 4162 B
1025 4091 1224 4188 continget
1279 4091 1448 4166 Accedat
1460 4109 1637 4190 punctum
1654 4093 1685 4166 d
1695 4092 1743 4166 ad

288 4232 469 4314 punctum
486 4215 533 4302 B,
553 4213 589 4286 &
607 4227 708 4286 recta
723 4212 763 4284 B
774 4211 804 4282 d
815 4208 951 4282 evadet
968 4222 1126 4306 tangens
1145 4207 1310 4303 quaesita.

363 4334 480 4410 Corol.
511 4357 542 4405 2.
574 4330 691 4404 Unde
726 4328 837 4401 etiam
872 4325 1161 4424 trajectoriarum
1192 4340 1327 4411 centra,
1358 4325 1528 4400 diametri
1564 4326 1601 4399 δι
1630 4324 1746 4400 latera

291 4468 393 4527 recta
410 4449 566 4525 inveniri
584 4461 751 4545 possunt,
769 4442 865 4518 utin
883 4441 1074 4517 corollario
1092 4442 1256 4516 secundo
1274 4435 1458 4517 lemmatis
1476 4467 1554 4518 xlx,

919 4611 1116 4686 Scholium.
1141 4689 1143 4693 ,

358 4750 594 4825 Constructio
610 4749 711 4846 prior
723 4747 859 4822 evadet
876 4744 987 4843 paulo
1003 4743 1204 4842 simplicior
1214 4745 1409 4843 jungendo
1425 4744 1514 4832 BP,
1535 4743 1570 4817 &
1589 4745 1625 4817 in
1644 4769 1697 4830 ea,
1716 4743 1748 4816 si

288 4893 388 4964 opus
422 4882 489 4954 est,
520 4866 700 4963 producta
730 4865 912 4962 capiendo
941 4866 980 4937 B
980 4875 1013 4961 p
1045 4862 1094 4936 ad
1124 4864 1211 4936 BP
1236 4876 1279 4933 ut
1308 4875 1366 4934 est
1394 4862 1485 4933 PR
1501 4860 1549 4933 ad
1575 4861 1613 4932 P
1630 4861 1669 4931 T
1672 4891 1687 4946 ,·
1713 4859 1749 4947 &
