4088 5768
847 379 990 438 LIBER
1010 380 1192 440 PRIMUS.
1696 405 1719 472 9
1723 405 1742 473 3

290 574 1083 661 ELLECHEBG,AFadLIut
1110 576 1202 650 CH
1222 574 1384 650 adBG.
1442 575 1513 649 Est
1540 575 1677 662 itidem,
1697 603 1744 651 ex

291 710 421 767 natura
440 693 645 767 sectionum
672 692 890 779 conicarum,
914 694 993 766 LI
1005 719 1071 767 seu
1095 695 1183 767 CK
1196 694 1243 767 ad
1266 694 1300 767 C
1308 693 1351 767 D
1376 710 1417 767 ut
1446 694 1529 767 cl)
1553 693 1600 766 ad
1631 695 1665 768 C
1674 694 1726 767 H
1731 727 1746 780 ,·

289 827 401 907 atque
413 809 498 884 ideo
508 835 556 883 ex
570 835 679 906 aequo
693 811 905 906 perturbate
918 811 959 882 A
973 812 1015 882 F
1026 810 1073 884 ad
1098 812 1180 885 CD
1193 826 1234 884 ut
1254 812 1289 885 C
1295 812 1338 883 D
1354 810 1401 883 ad
1419 812 1458 883 B
1472 811 1515 884 G.
1546 812 1590 901 Q.
1605 812 1652 887 E.
1665 812 1717 886 D.

360 928 477 1001 Carol
513 951 541 1000 1.
574 927 675 1000 Hinc
693 928 723 1000 si
743 943 938 1026 tangentes
964 927 1049 1002 duae
1075 930 1117 1000 F
1127 930 1171 1015 G,
1190 929 1274 1018 PQ
1302 928 1539 1025 tangentibus
1561 926 1745 1023 parallelis

288 1047 382 1133 AF,
400 1047 483 1119 BG
499 1060 692 1120 occurrant
710 1046 746 1118 in
764 1046 806 1117 F
817 1045 854 1119 8(
875 1046 918 1132 G,
937 1046 976 1118 P
993 1045 1030 1118 8(
1050 1046 1093 1135 Q,
1112 1071 1227 1142 seque
1246 1060 1374 1118 mutuo
1392 1059 1519 1118 secent
1537 1045 1574 1117 in
1594 1045 1653 1129 0,·
1676 1044 1746 1118 erit

290 1188 339 1236 ex
356 1188 465 1259 aequo
483 1163 697 1258 perturbate
715 1161 756 1234 A
771 1162 814 1233 F
833 1161 880 1234 ad
906 1163 946 1234 B
956 1163 990 1252 Q
1018 1177 1060 1235 ut
1084 1162 1125 1235 A
1138 1163 1177 1235 P
1202 1162 1250 1235 ad
1267 1164 1307 1235 B
1320 1163 1363 1249 G,
1384 1161 1421 1234 8(
1438 1161 1586 1257 divisim
1605 1176 1646 1234 ut
1662 1163 1746 1234 FP

289 1279 338 1351 ad
360 1279 396 1352 G
410 1280 452 1369 Q,
472 1295 584 1375 atque
603 1278 688 1353 ideo
705 1294 747 1352 ut
763 1279 845 1353 FO
862 1279 909 1352 ad
931 1280 965 1353 0
982 1280 1025 1352 G.

361 1396 479 1471 Coral.
511 1421 543 1470 2.
575 1395 690 1470 Unde
716 1397 828 1470 etiam
855 1411 964 1470 rectae
991 1395 1076 1469 duae
1101 1398 1140 1469 P
1153 1397 1197 1482 G,
1215 1394 1258 1469 F
1266 1397 1310 1487 Q,
1329 1422 1397 1492 per
1421 1411 1558 1493 puncta
1582 1398 1621 1469 P
1642 1396 1679 1469 8(
1699 1396 1744 1483 G,

204 1529 207 1534 '
290 1515 332 1586 F
343 1514 380 1588 8(
407 1515 451 1604 Q,
470 1514 601 1598 ductae,
623 1529 843 1588 concurrent
867 1513 916 1585 ad
943 1529 1080 1587 rectam
1106 1514 1147 1586 A
1165 1514 1245 1587 CB
1270 1539 1337 1610 per
1361 1530 1527 1588 centrum
1554 1514 1682 1613 figurae
1709 1514 1746 1589 8(

273 1648 428 1728 ,puncta
445 1646 680 1706 contactuum
698 1631 752 1718 A,
770 1633 810 1704 B
826 1645 1088 1704 transeuntem.

774 1891 1028 1964 LEMMA
1096 1891 1265 1965 XXV.

291 2073 342 2146 Si
353 2071 706 2171 parallelogrammi
728 2071 846 2145 latera
871 2082 1034 2169 quatuor
1049 2072 1196 2169 infinite
1209 2071 1394 2169 preducta
1419 2080 1578 2168 tangant
1601 2071 1744 2144 section-

340 2218 394 2265 em
422 2215 672 2288 quameunque
700 2191 867 2277 eanz'cam,
902 2192 951 2270 (⁰9²
978 2191 1244 2264 abscindantur
1271 2189 1325 2262 aa'
1350 2198 1553 2286 tangentem
1580 2189 1747 2285 quamuis

340 2311 534 2407 quintam·
567 2316 769 2381 sumantur
795 2318 917 2381 autem
951 2309 1112 2381 laterum
1136 2309 1350 2404 quorumvis
1375 2307 1533 2379 duarum
1559 2306 1745 2379 contermi-

341 2453 475 2501 narum
504 2424 664 2498 abscissa
691 2426 898 2499 terminata
926 2426 979 2499 ad
1003 2426 1159 2522 angulos
1183 2425 1357 2522 appositos
1377 2425 1747 2522 parallelogrammi:

340 2545 418 2618 drea
442 2544 541 2640 qued
561 2542 713 2617 abscissa
737 2545 924 2642 alterutra
948 2544 1000 2616 sit
1023 2543 1076 2616 ad
1097 2544 1197 2616 latus
1216 2542 1319 2615 illud
1330 2568 1355 2615 a
1371 2568 1441 2639 que
1457 2551 1509 2615 est
1524 2543 1685 2628 abscissa,
1703 2551 1749 2614 nt

332 2673 430 2761 pars
452 2660 579 2735 lateris
603 2660 759 2733 alterins
783 2659 1001 2734 contermini
1023 2659 1124 2732 inter
1141 2669 1325 2757 punctum
1355 2668 1538 2734 contactus
1569 2661 1618 2739 ὅ
1647 2661 1748 2733 latus

342 2779 493 2853 tertium
509 2787 561 2852 est
575 2777 629 2850 aa'
641 2779 882 2852 abscissurum
898 2779 1065 2853 alteram.

359 2962 536 3059 Tangant
553 2956 885 3059 parallelogrammi
903 2961 959 3032 M
963 2960 998 3032 L
1011 2961 1041 3032 I
1047 2960 1095 3031 K
1106 2958 1221 3032 latera
1239 2973 1398 3055 quatuor
1413 2957 1521 3044 ML,
1536 2956 1566 3029 l
1574 2957 1625 3043 K,
1644 2956 1693 3030 K
1698 2957 1746 3042 L,

289 3081 381 3154 Μ]
401 3080 604 3154 sectionem
630 3078 795 3152 conicam
822 3078 858 3150 in
885 3079 939 3165 A,
953 3080 1002 3169 B,
1022 3079 1125 3165 QD,
1145 3077 1182 3152 8(
1207 3093 1308 3153 secet
1334 3092 1492 3174 tangens
1516 3074 1646 3170 quinta
1661 3075 1704 3145 F
1712 3074 1747 3163 Q

290 4691 374 4764 haec
404 4685 518 4760 latera
548 4686 585 4758 in
614 4686 660 4772 F,
681 4683 725 4776 Q,
744 4682 796 4755 H
817 4681 854 4754 8(
883 4682 947 4766 E,·
985 4694 1178 4753 sumantur
1207 4692 1331 4751 autem
1358 4673 1513 4748 laterum
1543 4676 1599 4749 M
1604 4677 1638 4763 I,
1670 4677 1718 4749 K
1724 4675 1754 4748 I

288 4806 467 4882 abscissae
493 4804 601 4889 ME,
627 4803 674 4875 K
684 4803 728 4893 Q,
755 4798 816 4875 vel
850 4797 1005 4872 latemm
1036 4797 1083 4869 K
1093 4797 1139 4881 L,
1164 4795 1262 4867 ML
1295 4792 1468 4866 abscissae
1493 4792 1602 4878 KH,
1626 4793 1681 4864 Μ
1689 4793 1730 4862 F
1738 4822 1750 4864 .·
