4088 5768
993 1032 1048 1081 DE

565 1247 851 1356 MOTU
928 1242 1483 1353 CORPORUM

725 1536 928 1618 LIBER
954 1533 1315 1618 SECUNDUS.

845 1944 1111 2018 SECTIO
1166 1944 1194 2017 1.

434 2147 609 2218 Domata
626 2154 817 2239 corporum
834 2143 965 2238 qm'bus
982 2142 1169 2216 resistitur
1184 2140 1223 2213 in
1243 2141 1385 2214 rationo
1400 2142 1605 2217 velocitatis.

546 2497 914 2574 PROPOSITIO
961 2498 993 2572 l’.
1051 2496 1407 2572 THEOREMA
1457 2500 1489 2575 1.

294 2702 477 2798 Corporis,
510 2700 572 2772 cui
612 2697 800 2771 resistitur
831 2696 872 2768 in
907 2695 1050 2767 rationo
1083 2695 1287 2782 velocitatis,
1322 2708 1442 2772 motas
1472 2723 1517 2771 a
1549 2700 1763 2797 resistentia

587 2832 741 2905 amissas
757 2839 808 2903 ost
824 2839 868 2901 ut
883 2829 1044 2925 spallam
1062 2829 1230 2901 aravardo
1245 2829 1450 2925 confectum.

413 3046 496 3118 AM
516 3070 599 3118 cum
619 3060 741 3117 motus
768 3041 923 3141 singulis
949 3043 1126 3139 temporis
1152 3042 1339 3139 particulis
1365 3044 1570 3142 aequalibus
1591 3050 1758 3125 amissus

462 3164 510 3236 sit
540 3179 582 3236 ut
607 3160 794 3246 velocitas,
826 3160 897 3233 hoc
923 3175 990 3245 est,
1019 3176 1061 3233 ut
1087 3160 1227 3233 itineris
1252 3161 1408 3236 consecti
1435 3163 1642 3258 particula:
1673 3168 1754 3255 erit,

290 3280 560 3376 componendo,
582 3294 706 3353 motus
724 3293 804 3351 toto
822 3292 989 3372 tempore
1006 3277 1163 3349 amissus
1181 3294 1222 3349 ut
1239 3277 1310 3351 iter
1326 3295 1455 3353 totum.
1510 3282 1555 3371 Q.
1567 3283 1618 3359 E.
1630 3286 1684 3359 D.

216 3404 219 3409 '
359 3399 477 3471 Corol.
508 3397 634 3490 Quare
652 3397 682 3469 si
701 3421 844 3492 corpuS,
863 3395 1048 3494 gravitate
1065 3395 1165 3470 omni
1183 3395 1411 3483 destitutum,
1427 3397 1463 3469 in
1480 3397 1614 3494 spatiis
1627 3398 1754 3474 liberis

289 3513 368 3590 sola
394 3514 432 3588 vi
459 3514 569 3586 insita
595 3529 808 3601 moveatur;
835 3539 879 3586 ac
907 3513 1017 3586 detur
1043 3529 1121 3586 tum
1150 3529 1272 3585 motus
1299 3527 1400 3586 totus
1429 3512 1500 3585 sub
1527 3513 1644 3601 initio,
1672 3532 1751 3589 tum

288 3635 401 3707 etiam
436 3647 559 3706 motus
603 3628 764 3726 reliquus
807 3645 894 3725 post
936 3631 1098 3726 spatium
1139 3628 1288 3726 aliquod
1324 3630 1557 3704 confectum:
1602 3632 1753 3707 dabitur

287 3752 448 3848 spatium
467 3764 585 3823 totum
604 3746 706 3843 quod
724 3756 857 3842 corpus
876 3747 1020 3822 infinito
1038 3763 1206 3843 tempore
1222 3747 1431 3821 describere
1456 3762 1592 3843 potest
1667 3748 1751 3823 Erit

286 3871 385 3943 enim
412 3867 572 3964 spatium
600 3862 689 3937 illud
715 3864 764 3935 ad
790 3864 951 3959 spatium
973 3865 1052 3961 jam
1079 3865 1314 3960 descriptum,
1334 3879 1375 3937 ut
1400 3880 1525 3939 motus
1551 3880 1654 3940 totus
1679 3866 1748 3939 sub

287 3986 391 4059 initio
408 3985 456 4057 ad
475 3998 599 4056 motus
618 3979 713 4054 illius
731 3996 875 4077 partem
894 3980 1079 4054 amissam.

842 4306 1093 4379 LEMMA
1155 4307 1187 4379 1.

286 4527 521 4617 Quantitates
537 4524 752 4623 dfflrontiis
767 4522 845 4596 suis
855 4521 1147 4618 proportionales
1161 4530 1251 4594 sunt
1265 4521 1434 4594 continuo
1440 4523 1738 4619 proportionalis.

352 4740 411 4812 Sit
437 4743 473 4812 A
502 4739 549 4811 ad
579 4739 700 4811 A-13
728 4756 769 4811 ut
799 4737 827 4809 B
854 4736 902 4809 ad
932 4737 1047 4810 B—C
1074 4736 1110 4810 8z
1138 4738 1170 4811 C
1196 4739 1244 4810 ad
1272 4733 1395 4808 C-D
1424 4732 1503 4823 &c.,
1532 4735 1570 4810 81
1591 4728 1737 4813 conve'r·

282 4857 397 4932 tendo
415 4856 478 4930 fiet
498 4855 533 4927 A
553 4855 601 4927 ad
623 4855 651 4927 Β
672 4871 713 4928 ut
734 4855 762 4926 13
781 4853 829 4926 ad
849 4854 880 4927 C
901 4852 936 4925 8ι
956 4852 987 4926 C
1006 4852 1054 4925 ad
1076 4853 1112 4926 D
1132 4853 1197 4927 &e
1259 4853 1303 4942 Q.
1317 4852 1366 4926 E.
1379 4851 1431 4925 D.
