4088 5768
284 432 330 521 78
762 430 828 486 DE
850 430 986 488 ,nors
1000 431 1029 488 C
1029 430 1203 488 ORPORI
1208 431 1259 487 ’,ΙΙ

281 640 534 699 occurrentem
552 619 635 695 loco
652 624 689 695 in
705 623 751 695 F.
798 624 933 696 Inven·
1059 664 1065 723 ;

283 744 378 815 ietur
409 758 535 812 autem
576 756 753 835 punctum
791 742 833 811 F
868 766 937 835 per
1038 779 1048 791 =

283 858 368 930 lem.
388 880 466 929 xnt
522 857 652 929 Biseca
669 858 761 929 BF
773 858 809 928 in
834 857 936 933 G&
1054 866 1057 875 '

281 990 364 1045 acta
382 973 573 1045 indefinita
590 973 631 1043 A
650 974 687 1044 G
707 974 777 1044 erit
799 973 936 1067 positio

282 1089 452 1161 diametri
481 1089 529 1159 ad
555 1113 668 1183 quam
685 1088 725 1159 B
740 1089 777 1159 G
794 1087 832 1159 dt
848 1089 936 1160 FG

281 1206 480 1279 ordinatim
517 1203 757 1300 applicantur.
838 1205 936 1277 Haec
1043 1272 1046 1287 ,

282 1323 323 1394 Α
347 1324 383 1394 G
415 1338 583 1395 occurrat
615 1321 698 1394 loco
732 1322 769 1392 in
804 1322 862 1409 H,
898 1321 936 1393 dr

282 1439 353 1511 erit
381 1439 422 1510 A
438 1438 491 1508 Η
518 1437 701 1509 diameter
728 1438 809 1509 sive
839 1435 935 1508 latus

282 1572 545 1637 transversum,
558 1553 606 1624 ad
625 1553 727 1647 quod
744 1551 840 1624 latus
859 1578 934 1624 rec·
1033 1614 1036 1623 .
1118 1624 1128 1637 ,,
1572 1584 1599 1645 ‘..

283 1669 924 1764 tumeritutBandAGx
1598 1640 1642 1741 'l

287 1786 391 1858 GH.
449 1785 491 1857 si
526 1786 623 1856 AG
657 1799 840 1880 nusquam
874 1810 934 1857 oc·
1642 1749 1722 1890 p·

283 1902 396 1974 currit
412 1899 503 1983 loco,
521 1900 619 1973 linea
636 1899 677 1970 A
689 1901 742 1971 Η
753 1901 936 1973 existente
1094 1904 1097 1909 ’
1129 1933 1150 2012 n

285 2019 436 2103 infinita,
463 2016 565 2091 locus
589 2019 660 2091 erit
684 2013 871 2113 parabola,
898 2016 956 2089 &·

282 2200 379 2273 latus
405 2217 544 2273 rectum
571 2201 650 2297 ejus
676 2199 725 2270 ad
750 2199 972 2271 diametrum
997 2200 1039 2270 A
1058 2200 1095 2271 G
1119 2200 1309 2294 pertinens
1330 2200 1401 2271 erit
1417 2136 1553 2330 [ἕξ-(ἐφ.
1609 2198 1680 2272 Sin
1697 2224 1743 2273 ea

281 2371 415 2445 alicubi
440 2374 605 2453 occurrit
623 2371 725 2446 locus
751 2372 955 2470 hyperbola
972 2374 1051 2454 erit
1070 2374 1132 2445 ubi
1151 2392 1287 2469 puncta
1303 2374 1345 2446 A
1367 2374 1404 2446 &
1420 2376 1473 2446 H
1488 2376 1560 2447 sita
1577 2392 1669 2448 sunt
1693 2376 1742 2449 ad

283 2491 435 2564 easdem
461 2508 585 2586 partes
611 2492 727 2585 ipsius
754 2493 808 2565 G.-
834 2492 871 2564 8:
888 2490 1036 2586 ellipsis,
1054 2492 1117 2563 ubi
1138 2493 1175 2564 G
1192 2491 1451 2564 intermedium
1468 2508 1536 2575 est,
1556 2493 1628 2565 nisi
1645 2492 1744 2567 sorte

283 2605 441 2705 angulus
471 2607 512 2678 A
531 2608 567 2678 G
578 2608 619 2678 B
643 2624 764 2679 rectus
790 2607 847 2683 sit.
875 2606 911 2678 dt
938 2607 1087 2702 insuper
1111 2608 1151 2679 B
1165 2608 1202 2679 G
1225 2607 1333 2702 quael.
1354 2606 1499 2703 aequale
1524 2608 1745 2707 rectangulo

283 2725 324 2797 A
344 2726 381 2797 6
392 2724 449 2811 H,
467 2724 597 2818 quoin
616 2749 703 2794 casu
722 2718 876 2793 circulus
894 2722 1098 2795 habebitur.

351 2841 481 2936 Atque
520 2842 571 2912 ita
609 2837 849 2935 problematis
883 2855 1051 2911 vetemm
1085 2840 1135 2912 de
1169 2855 1328 2934 quatuor
1360 2838 1467 2912 lineis
1500 2841 1551 2913 ab
1584 2840 1748 2915 Euclide

286 2959 435 3053 incoepti
470 2957 508 3030 8:
541 2957 590 3028 ab
624 2954 827 3050 Apollonio
859 2955 1061 3027 continuati
1097 2981 1170 3028 non
1205 2952 1375 3033 calculus.
1410 2956 1478 3029 sed
1521 2958 1746 3053 compositio

282 3074 518 3169 geometrica,
536 3069 684 3167 qualem
702 3086 849 3143 veteres
866 3071 1091 3164 quaerebant.
1111 3072 1146 3142 in
1165 3071 1236 3142 hoc
1252 3070 1444 3146 corollario
1460 3074 1667 3148 exhibetur.

803 3408 1060 3481 LEMMA
1107 3408 1221 3482 XX.

285 3608 336 3680 Si
349 3606 745 3703 parallelogrammum
761 3605 910 3699 quodvis
936 3603 1014 3676 AS
1030 3605 1108 3698 ΡΩ
1133 3605 1281 3701 anguelrs
1295 3605 1433 3678 duobus
1447 3607 1620 3703 oppositis
1636 3607 1676 3680 A
1695 3609 1746 3687 ὅ

338 3742 367 3813 Ρ
386 3740 510 3837 longit
522 3739 705 3812 sectionem
720 3737 888 3832 quamtus
901 3735 1059 3808 eone'cam
1077 3736 1116 3807 in
1134 3738 1285 3831 paucies
1303 3738 1340 3810 A
1361 3740 1410 3817 dr
1429 3739 1474 3825 P;
1502 3740 1747 3818 &lateribus

334 3876 448 3948 une’us
463 3873 687 3969 angulorum
704 3871 859 3942 illorum
876 3867 1024 3963 e'nfimle
1031 3869 1225 3963 productis
1241 3870 1278 3941 A
1293 3871 1341 3965 Q,
1360 3870 1439 3944 AS
1457 3873 1621 3944 occurm'l
1634 3872 1746 3947 erilem

333 4006 482 4080 sectioni
501 4005 631 4077 cone'ca
653 4004 694 4074 in
723 4003 753 4074 B
774 4003 824 4079 ξφ
841 4001 893 4083 C;
916 4026 940 4071 a
961 4001 1115 4094 punctos
1130 4012 1252 4074 autem
1277 4028 1488 4075 occursuram
1518 4002 1549 4074 Β
1569 4003 1671 4081 &C
1695 4004 1752 4077 ad

334 4140 506 4235 quintum
521 4136 672 4234 quodvis
686 4135 848 4207 secltoms
862 4133 990 4206 com'co·
997 4143 1180 4228 pianelam
1200 4135 1238 4206 D
1255 4145 1422 4231 agareteer
1434 4144 1538 4207 reela
1551 4136 1637 4207 duee
1654 4136 1746 4227 BD,

337 4270 421 4343 CD
452 4278 672 4342 occurrentes
699 4268 828 4340 alteris
855 4267 992 4339 duobus
1017 4264 1164 4360 infinite
1183 4267 1375 4361 prodeeclrs
1394 4269 1753 4366 parallelogrammi

335 4401 510 4473 lalm'bus
528 4400 610 4488 PS,
631 4400 710 4493 ΡΩ
727 4399 769 4471 in
787 4400 823 4472 T
843 4403 893 4479 ὅς’
912 4402 971 4472 R:
996 4409 1109 4471 creent
1122 4410 1260 4494 semper
1273 4401 1432 4473 abscessoe
1446 4401 1608 4473 latemm
1615 4411 1751 4497 partes

340 4531 418 4602 PR
437 4532 487 4608 ὅ
514 4530 591 4602 PT
616 4530 671 4601 ad
690 4532 839 4603 tantiam
865 4533 906 4604 in
931 4532 1020 4603 dala
1047 4532 1195 4605 ratione.
1249 4533 1307 4603 Et
1320 4542 1458 4611 contra.
1475 4531 1512 4603 si
1520 4540 1656 4628 parles
1672 4534 1752 4605 illo

336 4662 493 4735 abscaso
506 4672 597 4734 sunl
609 4662 664 4733 ad
675 4664 824 4737 emvteem
841 4666 882 4738 in
898 4666 987 4737 dala
1005 4665 1155 4751 ratione,
1165 4675 1347 4759 punctam
1367 4663 1404 4735 D
1423 4673 1548 4759 lange!
1560 4664 1750 4739 saltonem

337 4795 494 4867 contram
503 4804 725 4889 perpremla
741 4806 905 4890 quatuor
921 4796 970 4881 A,
988 4796 1029 4881 B,
1046 4796 1089 4873 C.
1107 4796 1136 4867 P
1154 4806 1409 4868 transmnlcm.
