4088 5768
825 378 967 438 LIBER
992 375 1193 438 TERTIUS.
1668 396 1741 468 473

288 595 369 655 tent
402 574 733 652 circumferentiam
768 572 891 647 circuli
926 572 1136 668 aequatoris,
1172 570 1281 667 eique
1320 570 1561 645 lnhaerentem
1596 586 1741 660 terram,

288 700 424 772 circum
458 719 568 769 axem
603 709 679 767 tarn
714 693 751 765 in
786 689 899 788 plano
933 688 996 765 illo
1031 689 1119 780 QR
1162 713 1274 785 quam
1319 689 1355 761 in
1397 686 1510 785 plano
1544 691 1743 786 aequatoris

283 816 480 913 jacentem.
576 819 579 824 ’

818 1021 1074 1096 LEMMA
1142 1021 1214 1096 ll.

352 1207 486 1282 Iisdem
494 1206 653 1303 positis.-
678 1206 754 1280 dico
770 1203 918 1278 secundo
944 1203 1043 1300 quod
1063 1203 1118 1276 vis
1146 1204 1195 1281 &
1210 1201 1363 1298 efficacia
1380 1211 1455 1275 tola
1463 1200 1746 1299 partr'cularzim

290 1344 455 1418 omnium
471 1350 576 1415 extra
586 1342 737 1438 globum
753 1340 915 1437 undique
925 1341 1085 1413 sitarum
1101 1339 1156 1412 ad
1169 1349 1309 1413 terram
1325 1341 1462 1415 circum
1479 1368 1582 1415 axem
1598 1345 1746 1418 eandm

291 1477 486 1551 rotandam
503 1476 553 1548 sit
568 1474 622 1547 ad
635 1474 710 1546 vim
727 1481 840 1546 totum
849 1471 1133 1567 purtzrularum
1160 1472 1315 1561 totidem,
1333 1473 1375 1546 in
1392 1476 1587 1571 aquatoris
1611 1478 1747 1550 circulo

293 1613 379 1687 ΑΕ
399 1611 643 1707 uniformiter
648 1620 723 1707 per
739 1620 855 1683 totum
880 1609 1075 1682 circuitum
1100 1609 1140 1681 in
1167 1635 1300 1682 morem
1325 1613 1464 1685 annuli
1477 1613 1748 1709 (impositorum,

291 1747 346 1820 ad
357 1757 498 1820 terram
514 1745 697 1820 consimili
710 1755 810 1819 motu
827 1744 1008 1818 circulari
1021 1743 1240 1833 movendam,
1259 1752 1304 1815 ul
1317 1742 1389 1816 duo
1405 1745 1460 1817 ad
1469 1747 1635 1844 quinque.

362 1963 422 2038 Sit
451 1963 551 2036 enim
581 1962 664 2035 JK
690 1960 845 2036 circulus
875 1958 1031 2057 quilibet
1061 1959 1182 2033 minor
1210 1963 1389 2057 aequatori
1415 1963 1511 2034 ΑΕ
1544 1961 1749 2059 parallelus,

294 2082 441 2178 sintque
459 2082 507 2168 L,
527 2082 546 2153 l
559 2078 748 2177 particulae
765 2078 851 2152 duae
865 2077 1008 2175 quaevis
1022 2075 1184 2173 aequales
1199 2077 1235 2150 in
1249 2078 1320 2152 hoc
1333 2076 1467 2152 circulo
1481 2095 1585 2152 extra
1597 2078 1750 2177 globum

293 2199 429 2293 Papo
456 2198 547 2270 sitae.
615 2196 668 2268 Et
697 2196 728 2268 si
758 2196 795 2268 in
826 2193 978 2291 planum
1010 2193 1108 2284 QR,
1139 2193 1242 2289 quod
1277 2194 1380 2268 radio
1415 2195 1451 2267 in
1487 2195 1604 2268 solem
1639 2196 1752 2269 ducto

295 2312 600 2411 perpendiculare
628 2328 695 2399 est,
724 2313 967 2386 demittantur
994 2309 1257 2407 perpendicula
1286 2312 1393 2399 LM,
1412 2313 1500 2386 lm:
1526 2314 1624 2385 vires
1652 2328 1752 2399 totae,

297 2432 431 2528 quibus
475 2428 664 2526 particulae
700 2429 771 2504 illae
806 2429 953 2527 lugiunt
987 2425 1138 2523 planum
1177 2427 1269 2516 QR,
1311 2428 1604 2525 proportionales
1647 2444 1755 2503 erunt

297 2545 569 2644 perpendiculis
588 2545 658 2619 illis
675 2547 777 2632 LM,
797 2547 816 2619 l
825 2571 870 2619 m.
917 2544 975 2617 Sit
992 2557 1117 2616 autem
1136 2557 1235 2616 recta
1252 2543 1314 2617 Ll
1327 2542 1438 2641 plano
1451 2546 1567 2641 Pape
1581 2544 1756 2642 parallelo

307 4344 343 4418 8ι
360 4343 545 4418 bisecetur
561 4339 693 4415 eadem
713 4337 748 4409 in
767 4336 820 4425 X,
841 4336 877 4412 ἃ
895 4363 962 4434 per
978 4354 1156 4435 punctum
1174 4340 1220 4413 X
1236 4357 1368 4438 agatur
1383 4345 1465 4432 Nn,
1485 4372 1569 4443 quae
1587 4345 1762 4443 parallela

306 4461 355 4534 sit
372 4458 483 4556 plano
513 4457 598 4547 QR
627 4454 663 4530 &
690 4452 963 4551 perpendiculis
990 4455 1098 4540 LM,
1128 4456 1193 4528 lm
1220 4476 1387 4534 occurrat
1415 4461 1450 4533 in
1478 4462 1530 4534 N
1553 4488 1596 4534 ac
1613 4489 1648 4548 n,
1669 4462 1704 4534 dt
1724 4464 1760 4536 in

308 4575 460 4673 planum
480 4575 565 4665 QR
582 4574 800 4646 demittatur
816 4571 1121 4668 perpendiculum
1138 4573 1184 4645 X
1192 4575 1234 4648 Υ.
1290 4574 1343 4648 Et
1360 4576 1620 4672 particularum
1637 4581 1672 4652 L
1694 4581 1729 4653 dt
1749 4582 1768 4654 l

307 4695 405 4768 vires
436 4692 629 4766 contrariae
660 4690 709 4762 ad
739 4704 875 4763 terram
912 4689 949 4761 in
984 4689 1184 4763 contrarias
1218 4705 1342 4786 partes
1377 4695 1571 4768 rotandam
1605 4713 1693 4770 sunt
1722 4715 1764 4772 ut

309 4806 1682 4893 LMxMc&lm>‹mc,hoeest,utLNxMc÷NMxMC&
1708 4818 1763 4889 ln
