4110 5782
870 428 937 483 DE
956 428 1000 484 M
1003 428 1123 486 UNDI
1138 429 1163 487 S
1171 426 1345 487 YSTEMA
1352 429 1408 486 TE

556 651 927 726 PROPOSITIO
974 655 1104 729 xxi.
1177 656 1533 731 Tueouunn
1580 640 1732 735 xvu.

415 834 564 904 Puncta
587 831 855 927 eqnz‘noctnln
882 835 1031 930 regredi,
1062 837 1110 914 ὅ
1138 863 1241 909 canem
1269 846 1378 910 terree
1406 838 1565 935 singulis
1593 841 1880 916 revolutionibus

466 967 603 1038 annuis
619 968 783 1040 nectendo
800 968 854 1040 bis
870 968 1051 1042 inclinari
1065 970 1105 1042 in
1122 971 1320 1065 eclipticam
1334 972 1382 1049 ὅ
1398 972 1451 1044 bis
1468 973 1587 1046 redire
1601 974 1879 1069 inpositionem

460 1098 635 1193 priorem.

487 1279 593 1352 Patet
620 1303 688 1374 per
715 1279 823 1353 corol.
846 1305 894 1354 20
921 1307 1024 1377 prop.
1047 1305 1134 1354 uxvr
1163 1282 1221 1356 lib.
1249 1309 1275 1359 1.
1325 1285 1453 1360 Motus
1482 1302 1605 1361 tamen
1624 1289 1695 1362 iste
1713 1290 1874 1363 nutandi

419 1414 642 1510 perexiguus
660 1429 760 1487 esset
776 1414 896 1500 debet,
917 1415 953 1488 81
972 1417 1035 1488 vix
1053 1434 1116 1490 aut
1135 1443 1182 1491 ne
1200 1420 1263 1492 vix
1282 1421 1432 1517 quidem
1451 1422 1642 1497 sensibilis.
1895 1395 1897 1399 Ι

536 1654 909 1728 PROPOSITIO
951 1655 1108 1729 XXII.
1188 1655 1542 1731 THEOREMA
1581 1658 1760 1730 XVIII.

449 1836 580 1909 Motns
606 1861 724 1909 eniens
752 1836 910 1920 lunares,
942 1861 1127 1932 omnesque
1155 1846 1320 1909 rnoncnne
1352 1839 1621 1935 innqnalilales
1647 1863 1691 1910 en
1718 1838 1848 1910 allatis

945 1969 1149 2065 principiis
1172 1973 1343 2068 consequi.

491 2148 662 2223 Planetas
693 2150 861 2247 majores,
890 2149 1030 2222 interea
1055 2149 1145 2222 dum
1172 2151 1267 2223 circa
1297 2149 1414 2225 solem
1444 2152 1622 2242 seruntur,
1651 2175 1761 2246 posse
1787 2148 1880 2222 alios

421 2267 581 2340 minores
607 2265 743 2338 circum
771 2290 812 2338 se
840 2265 1076 2340 revolventes
1107 2264 1274 2362 planetas
1303 2268 1457 2354 deferre,
1477 2268 1513 2340 u
1544 2268 1704 2340 minores
1733 2262 1813 2337 illos
1841 2265 1879 2337 iu

420 2383 619 2480 ellipsibus,
648 2380 841 2456 umbilicos
873 2383 909 2454 in
940 2383 1074 2455 centris
1104 2385 1282 2479 majorum
1312 2385 1543 2471 habentibus,
1573 2382 1713 2456 revolvi
1742 2382 1880 2456 debere

420 2517 523 2597 patet
558 2525 624 2596 per
657 2524 760 2595 prop.
795 2522 870 2570 va
899 2496 958 2574 lib.
997 2523 1025 2573 1.
1092 2498 1254 2574 Actione
1288 2518 1412 2575 autem
1448 2500 1535 2576 solis
1567 2500 1882 2596 perturbabuntur

420 2643 548 2691 eorum
580 2632 702 2690 motus
733 2614 962 2705 multimode,
994 2616 1112 2712 iisque
1143 2617 1361 2691 adficientur
1391 2615 1701 2714 inaequalitatibus
1728 2641 1812 2711 quae
1843 2615 1879 2686 in

420 2734 507 2807 luna
539 2751 664 2806 nostra
694 2748 875 2806 notantur.
945 2730 1040 2805 Haec
1066 2734 1194 2829 utique
1227 2735 1309 2831 (per
1336 2732 1444 2807 corol.
1476 2759 1508 2822 2,
1540 2758 1571 2826 3,
1600 2756 1632 2823 4,
1661 2732 1697 2804 dc
1726 2753 1744 2824 5
1773 2756 1877 2826 prop.

422 2853 525 2950 1,xv1)
554 2849 718 2924 velocius
749 2865 928 2936 movetur,
956 2875 999 2922 ac
1030 2852 1134 2925 radio
1164 2853 1212 2926 ad
1245 2869 1380 2927 terram
1411 2855 1523 2926 ducto
1551 2853 1726 2926 describit
1755 2878 1880 2925 aream

422 2994 490 3064 pro
520 2985 687 3064 tempore
718 2969 906 3065 majorem,
938 2968 1141 3064 orbemque
1170 2968 1284 3043 habet
1313 2970 1434 3042 minus
1462 2996 1615 3043 curvum
1651 2985 1762 3065 atque
1794 2969 1880 3042 ideo

422 3088 574 3184 propius
591 3085 734 3158 accedit
758 3086 806 3157 ad
834 3101 968 3158 terram
996 3085 1032 3157 in
1051 3087 1213 3183 syzygiis
1231 3112 1343 3182 quam
1368 3087 1404 3159 in
1432 3087 1675 3183 quadraturis,
1695 3087 1763 3158 nisi
1790 3111 1881 3182 qua-

422 3222 530 3280 tenus
556 3204 712 3300 impedit
734 3220 855 3276 motus
882 3203 1170 3276 eccentricitatis
1228 3205 1492 3278 Eccentricitas
1510 3206 1608 3279 enim
1637 3205 1798 3277 maxima
1824 3220 1883 3278 est

424 3322 506 3420 (per
531 3319 638 3395 corol.
659 3345 681 3412 9
709 3345 811 3415 prop.
835 3319 1019 3418 va1)ubi
1047 3344 1245 3418 apogaeum
1274 3321 1371 3394 lunae
1403 3322 1438 3394 in
1457 3322 1619 3417 syzygiis
1647 3336 1822 3405 versatur,
1844 3321 1881 3392 de

423 3439 574 3511 minima
600 3438 661 3510 ubi
690 3437 789 3510 idem
817 3438 852 3509 in
881 3439 1113 3534 quadraturis
1142 3439 1331 3526 consistit3
1361 3439 1397 3511 dc
1424 3438 1511 3510 inde
1537 3437 1624 3510 luna
1651 3436 1686 3508 in
1717 3437 1882 3533 perigaeo

423 3553 585 3628 velocior
610 3552 722 3627 est&
741 3554 848 3626 nobis
876 3556 1035 3650 propior,
1066 3556 1102 3627 in
1132 3582 1290 3653 apogaeo
1320 3573 1444 3629 autem
1477 3553 1678 3627 tardior&
1707 3553 1883 3624 remotior

424 3679 460 3749 in
492 3674 652 3772 syzygiis
684 3700 796 3770 quam
833 3674 868 3746 in
905 3674 1146 3770 quadraturis.
1217 3675 1456 3771 Progreditur
1490 3674 1640 3768 insuper
1672 3694 1881 3766 apogaeum,

425 3795 461 3868 du
492 3793 750 3889 regrediuntur
778 3791 875 3876 nodi,
902 3791 969 3863 sed
999 3806 1101 3863 motu
1135 3788 1356 3886 inaequabili.
1413 3790 1466 3861 Et
1502 3812 1698 3885 apogaeum
1730 3785 1883 3881 quidem

427 3909 510 4007 (per
536 3906 644 3981 corol.
670 3929 689 4000 7
722 3907 756 3979 u
785 3911 806 3978 8
835 3932 937 4002 prop.
958 3906 1061 4005 nxvl)
1083 3907 1246 3980 velocius
1273 3907 1508 4003 progreditur
1539 3907 1574 3977 in
1603 3904 1764 4001 syzygiis
1794 3902 1881 3986 suiS,

425 4027 564 4099 tardius
596 4025 802 4121 regreditur
832 4025 868 4098 in
902 4024 1145 4120 quadraturis
1178 4023 1214 4095 ἃ
1249 4049 1402 4096 excessu
1434 4048 1651 4120 progressus
1682 4045 1794 4115 supra
1824 4044 1880 4091 re-

423 4167 592 4240 gressum
611 4141 800 4213 annuatim
819 4141 934 4214 fertur
951 4142 988 4213 in
1007 4141 1281 4236 consequentia.
1353 4139 1455 4212 Nodi
1482 4155 1607 4210 autem
1629 4141 1709 4232 (per
1727 4133 1835 4209 corol.
1860 4160 1878 4205 2

426 4286 528 4357 prop.
566 4259 669 4356 va1)
702 4259 897 4353 quiescunt
928 4259 963 4330 in
997 4259 1158 4354 syzygiis
1189 4257 1265 4328 suis
1297 4256 1333 4328 dc
1360 4254 1592 4329 velocissime
1623 4253 1884 4351 regrediuntur

427 4379 463 4449 in
490 4375 732 4474 quadraturis.
787 4373 864 4447 Sed
896 4374 932 4446 ἃ
962 4376 1080 4471 major
1107 4388 1164 4447 est
1194 4371 1290 4445 lunae
1319 4371 1475 4444 latitudo
1506 4372 1667 4442 maxima
1698 4371 1734 4442 in
1766 4368 1882 4464 ipsius

427 4496 660 4593 quadraturis
695 4496 775 4589 (per
805 4491 912 4566 corol.
939 4519 983 4566 10
1011 4518 1113 4589 prop.
1135 4492 1237 4587 var)
1267 4516 1378 4587 quam
1412 4492 1448 4562 in
1479 4491 1663 4588 syzygiis:
1691 4491 1727 4562 de
1758 4505 1882 4562 motus

428 4612 572 4684 medius
590 4613 728 4684 tardior
754 4612 789 4682 in
820 4610 996 4705 perihelio
1027 4627 1134 4683 terrae
1166 4610 1248 4706 (per
1265 4608 1373 4681 corol.
1396 4614 1418 4681 6
1450 4633 1552 4703 prop.
1576 4607 1678 4701 wa)
1706 4632 1817 4702 quam
1846 4607 1882 4679 in

429 4730 542 4825 ipsius
561 4727 716 4823 apheli0.
773 4727 901 4822 Atque
928 4727 985 4800 hae
1004 4745 1091 4800 sunt
1110 4726 1378 4822 inaequalitates
1398 4725 1615 4822 insigniores
1641 4724 1689 4795 ab
1715 4738 1882 4795 astrono-

430 4875 498 4920 mrs
517 4864 662 4919 notatae.
