4088 5768
432 1144 960 1252 naciones
1031 1101 1608 1251 oaAEon'rro

1000 1381 1056 1429 IN

549 1545 1037 1628 EDITIONEM
1096 1546 1490 1628 TERTIAM.

290 1834 340 1962 J
350 1838 400 1910 N
424 1836 599 1909 Editoone
630 1836 732 1907 haece
764 1836 883 1921 tortio,
915 1861 1026 1932 qnam
1065 1835 1252 1908 Henricus
1291 1837 1513 1910 Pemberton
1545 1837 1653 1910 MD.
1688 1839 1751 1909 vir

384 1955 521 2026 loarnm
550 1978 675 2024 rerum
695 1952 944 2047 peritissimus
970 1953 1123 2037 curavit,
1153 1954 1394 2025 nonnullam
1413 1955 1506 2027 libro
1530 1954 1679 2026 soeoona'o
1704 1955 1747 2025 a'o

291 2071 493 2146 resistmtio
511 2070 710 2141 mediorum
720 2070 838 2164 paulo
845 2068 977 2161 fusius
993 2070 1225 2165 explicantur
1239 2097 1350 2167 qnam
1362 2082 1479 2156 antea,
1497 2073 1545 2149 ὅτ
1557 2071 1751 2143 adduntur

290 2189 531 2286 exporinnnta
562 2213 654 2259 noem
683 2187 726 2258 a'e
756 2186 958 2258 resistentia
981 2188 1161 2282 gravium
1195 2212 1276 2283 qua
1302 2187 1440 2258 eadeont
1469 2188 1510 2260 in
1540 2201 1629 2260 ao're.
1696 2188 1748 2258 ln

291 2308 386 2380 libro
404 2305 510 2378 tertio
526 2313 786 2400 argumentum
803 2329 876 2400 qua
895 2305 1026 2376 lunam
1044 2304 1084 2375 in
1103 2304 1185 2375 orbe
1199 2330 1264 2376 suo
1272 2312 1346 2398 per
1354 2305 1580 2399 gravitatem
1598 2304 1753 2376 rotoneri

282 2424 477 2519 probatur,
492 2422 607 2516 paulo
618 2420 750 2513 fusius
766 2421 987 2515 exponitur:
1015 2421 1063 2498 ὦ*
1088 2445 1188 2492 nova
1210 2419 1406 2492 adduntur
1429 2421 1684 2493 observationes
1709 2420 1751 2492 a¹o

283 2539 524 2634 proportione
554 2537 819 2609 doonzetrornm
856 2537 969 2626 Joois
1001 2536 1055 2608 aa
1085 2537 1235 2608 inm'cem
1275 2562 1300 2607 a
1333 2537 1383 2610 D.
1424 2536 1592 2610 Poundio
1620 2538 1745 2631 sacta.

292 2656 509 2728 Aetoluntnr
533 2655 642 2726 etienn
669 2653 926 2727 obseruationes
954 2653 1096 2749 aliquot
1124 2663 1262 2726 cometa
1291 2654 1394 2726 illins
1427 2655 1495 2751 qui
1521 2681 1620 2727 anno
1655 2658 1748 2728 1680

292 2773 479 2867 apparuit,
498 2797 522 2842 a
539 2771 590 2842 D.
615 2770 712 2842 Kirk
729 2795 845 2842 mense
860 2770 910 2842 N
907 2770 1067 2843 ooembri
1089 2770 1130 2842 in
1159 2771 1361 2843 Germania
1377 2770 1517 2856 habita,
1536 2796 1617 2867 qua
1632 2781 1751 2867 nuper

293 2888 346 2961 aa'
359 2914 491 2960 manus
509 2896 652 2960 nostras
669 2895 851 2973 venerunt,
874 2889 922 2965 (Β
947 2913 1108 2983 quarum
1136 2898 1198 2984 ope
1223 2899 1353 2962 constet
1378 2915 1490 2985 qnam
1509 2899 1628 2986 propo
1652 2892 1750 2963 orbes

284 3003 496 3100 parabolici
520 3003 674 3075 motibus
702 3011 921 3075 cometarum
952 3004 1171 3098 respondent.
1237 3005 1295 3076 Et
1323 3005 1442 3077 orbito
1469 3016 1608 3078 cometa
1636 3006 1748 3091 illius,

294 3128 522 3215 computante
542 3117 700 3204 Halleio,
712 3120 831 3214 paulo
847 3120 1056 3192 accuratius
1079 3120 1349 3193 determinatur
1370 3148 1483 3217 quam
1508 3133 1626 3212 antea,
1646 3123 1752 3219 idom

294 3238 336 3311 in
364 3237 493 3332 ellipsi.
539 3237 595 3308 Et
621 3236 826 3309 ostenditur
850 3245 1019 3309 cometam
1047 3238 1088 3316 in
1115 3238 1182 3310 leae
1207 3239 1326 3310 orbita
1350 3239 1518 3334 elliptiea,
1527 3249 1603 3335 per
1628 3266 1749 3312 novem

294 3355 464 3427 calorum
495 3354 612 3449 signa,
644 3378 717 3424 non
748 3351 870 3423 nu'nns
899 3362 1066 3425 accurate
1098 3379 1245 3426 cursum
1271 3355 1458 3450 peregisse,
1493 3381 1605 3450 qnam
1639 3358 1752 3428 solent

242 3495 264 3540 ·.
286 3472 450 3568 planeta
466 3470 506 3542 in
524 3470 652 3542 orbitis
676 3468 844 3563 elliptices
859 3477 934 3563 per
957 3470 1218 3542 astronomiam
1242 3469 1402 3565 definitos
1427 3472 1570 3545 moueri.
1644 3473 1755 3546 Orbis

295 3589 405 3662 etiam
422 3597 561 3660 cometa
574 3585 643 3682 qui
656 3609 754 3657 anno
777 3605 842 3677 172
848 3608 868 3677 3
887 3587 1075 3681 apparuit,
1094 3613 1117 3657 a
1136 3587 1185 3659 l).
1209 3586 1382 3661 Bradleio
1398 3590 1632 3662 astronomia
1654 3590 1758 3685 opud

299 3710 536 3784 Oxonienses
545 3706 751 3804 prm‘essore
765 3717 1003 3803 componatns,
1022 3708 1208 3813 officitur.

1329 4069 1394 4143 IS.
1424 4069 1512 4143 NE
1519 4069 1613 4143 W?
1610 4071 1698 4144 ΟΝ.

339 4273 455 4333 Dabam
470 4273 602 4345 londini,
618 4271 683 4347 Jan.
705 4287 748 4341 12,
768 4271 880 4345 1725-6.
