4110 5782
696 438 836 496 LIBER
860 437 1060 498 TERTIUS.
1547 464 1615 534 43¹

164 713 205 769 ut
225 632 492 819 ἓ-Ιξ-ἒ-ΤΚ,
521 695 557 767 id
584 711 652 786 est,
675 712 717 768 ut
734 696 775 767 E
784 697 820 768 L
836 728 850 782 ,·
877 696 913 769 81
931 697 1143 792 composite,
1163 724 1249 771 area
1275 713 1353 773 tota
1375 700 1410 771 G
1424 700 1458 771 C
1467 700 1515 770 K
1522 701 1563 770 F
1579 717 1621 774 ut

162 873 306 920 summa
333 851 497 924 omnium
516 853 649 925 virium
667 854 709 926 E
717 855 753 926 L
774 869 940 949 tempore
958 869 1037 927 toto
1055 857 1088 927 C
1094 856 1133 926 P
1146 854 1408 951 impressarum
1428 856 1464 927 in
1483 854 1618 940 lunam,

162 980 274 1060 atque
306 966 389 1040 ideo
408 969 519 1041 etiam
537 986 578 1042 ut
595 970 772 1045 velocitas
790 971 858 1044 hac
889 997 1034 1045 summa
1050 973 1187 1070 genita,
1209 972 1244 1044 id
1260 988 1326 1058 est,
1346 988 1388 1046 ut
1405 974 1621 1048 acceleratio

161 1081 419 1179 descriptionis
461 1113 557 1160 areae
596 1090 630 1160 C
645 1089 682 1160 T
685 1089 731 1171 P,
767 1114 833 1160 seu
865 1088 1131 1162 incrementum
1167 1089 1355 1162 momenti.
1428 1090 1506 1176 Vis,
1548 1116 1621 1186 qua

161 1197 248 1270 luna
274 1200 369 1274 circa
395 1218 529 1274 terram
548 1204 798 1299 quiescentem
817 1203 864 1276 ad
883 1204 1097 1278 distantiam
1123 1207 1161 1277 T
1165 1207 1203 1277 P
1229 1221 1397 1300 tempore
1414 1232 1483 1280 suo
1501 1207 1620 1301 perio-

161 1319 245 1392 dico
275 1320 356 1392 CA
369 1321 619 1394 DBdierum
654 1343 699 1414 27
736 1322 812 1396 hor.
852 1343 870 1414 7
901 1323 985 1396 min.
1018 1347 1066 1417 43
1108 1323 1250 1397 revolvi
1287 1339 1424 1419 posset,
1456 1325 1620 1398 efficeret

160 1450 201 1507 ut
227 1461 360 1531 corpus
387 1451 554 1532 tempore
584 1441 617 1511 C
632 1440 669 1511 T
689 1439 856 1512 cadendo
882 1440 1107 1515 describeret
1134 1440 1405 1539 longitudinem
1431 1442 1451 1521 l
1472 1444 1506 1516 C
1521 1444 1559 1515 Τ
1583 1443 1619 1516 81

40 1601 45 1611 ·
160 1555 393 1630 velocitatem
425 1556 532 1629 simul
560 1558 766 1653 acquireret
793 1557 975 1654 aequalem
1012 1558 1208 1646 velocitati,
1239 1587 1314 1657 qua
1340 1558 1429 1633 luna
1456 1561 1492 1633 in
1528 1562 1619 1636 orbe

160 1699 228 1746 suo
256 1689 434 1746 movetur.
493 1673 599 1747 Patet
625 1675 694 1748 hoc
721 1700 789 1770 per
813 1673 921 1748 corol.
952 1699 975 1786 9
1002 1701 1104 1771 prop.
1135 1700 1173 1748 rv
1201 1675 1260 1752 lib.
1296 1703 1323 1750 1.
1380 1678 1476 1750 Cum
1495 1694 1618 1752 autem

162 1788 463 1885 perpendiculum
495 1791 579 1863 Kd
601 1792 637 1864 in
674 1792 712 1862 T
714 1793 752 1863 P
778 1790 980 1864 demissum
1008 1792 1056 1864 sit
1084 1793 1198 1887 ipsius
1224 1795 1265 1864 E
1275 1794 1309 1865 L
1338 1820 1424 1889 pars
1443 1795 1553 1869 tertia
1580 1795 1616 1868 81

62 1917 63 1920 ’
162 1906 276 2001 ipsius
302 1907 339 1977 T
346 1908 381 1978 P
397 1932 462 1979 seu
481 1908 576 1981 ML
598 1909 634 1981 in
646 1908 855 1982 octantibus
870 1933 956 2002 pars
971 1907 1133 1994 dimidia,
1151 1909 1208 1980 vis
1231 1909 1272 1980 E
1280 1910 1316 1981 L
1338 1910 1373 1981 in
1397 1911 1617 1998 octantibus

162 2023 224 2095 ubi
243 2023 405 2096 maxima
421 2040 487 2108 est,
509 2026 699 2120 superabit
720 2026 796 2097 vim
816 2025 912 2096 ML
934 2025 970 2096 in
990 2024 1132 2098 ratione
1148 2048 1167 2118 3
1187 2024 1234 2096 ad
1257 2049 1287 2110 2,
1308 2025 1467 2121 ideoque
1481 2027 1551 2099 erit
1568 2028 1617 2099 ad

162 2141 237 2213 vim
268 2140 376 2226 illam,
404 2167 477 2237 qua
504 2141 590 2214 luna
617 2159 784 2238 tempore
810 2168 879 2215 suo
897 2141 1084 2236 periodico
1102 2141 1196 2214 circa
1214 2155 1349 2213 terram
1368 2142 1618 2237 quiescentem

70 2243 72 2246 ’
162 2255 302 2330 revolvi
331 2272 467 2352 posset,
503 2273 544 2330 ut
584 2282 653 2333 1oo
687 2260 734 2332 ad
769 2259 986 2352 lx17872l
1013 2284 1079 2330 seu
1116 2279 1245 2350 11915,
1273 2258 1310 2330 81
1337 2273 1505 2354 tempore
1538 2261 1572 2332 C
1587 2261 1624 2332 T

162 2372 395 2446 velocitatem
413 2399 592 2469 generare
617 2376 772 2449 deberet
796 2401 880 2472 quae
899 2391 999 2448 esset
1016 2400 1102 2469 pars
1120 2374 1221 2454 xilla
1235 2373 1442 2448 velocitatis
1469 2375 1616 2461 lunaris

162 2505 328 2584 tempore
354 2505 478 2562 autem
509 2492 544 2564 C
549 2493 637 2564 ΡΑ
659 2491 894 2566 velocitatem
914 2491 1090 2587 majorem
1104 2508 1300 2588 generaret
1318 2491 1354 2563 in
1373 2492 1515 2565 ratione
1532 2494 1614 2565 CA

161 2606 208 2678 ad
232 2608 265 2678 C
279 2607 317 2678 T
328 2632 393 2679 seu
419 2608 456 2678 T
460 2608 506 2679 P.
540 2609 760 2704 Exponatur
777 2609 833 2680 vis
852 2609 1014 2681 maxima
1031 2610 1071 2679 E
1080 2609 1116 2680 L
1136 2608 1172 2679 in
1185 2609 1392 2682 octantibus
1411 2635 1478 2704 per
1494 2635 1618 2683 aream

161 2728 202 2798 F
218 2728 266 2799 K
276 2751 300 2799 ><
312 2728 360 2800 K
366 2728 392 2799 k
409 2726 622 2824 rectangulo
650 2728 670 2806 ὲ
688 2729 726 2799 T
729 2729 768 2799 P
781 2751 805 2799 ><
818 2729 896 2831 Pp
914 2725 1105 2823 aequalem.
1163 2726 1411 2814 EtvelocitaS,
1431 2755 1543 2825 quam
1562 2731 1618 2802 vis

161 2846 321 2919 maxima
352 2861 519 2939 tempore
547 2845 680 2940 quovis
711 2845 745 2916 C
751 2846 789 2916 P
821 2869 1001 2940 generare
1031 2859 1166 2941 posset,
1199 2846 1268 2917 erit
1301 2844 1349 2916 ad
1380 2842 1615 2918 velocitatem

161 2988 274 3059 quam
301 2963 359 3034 vis
387 2962 507 3034 omnis
535 2962 654 3035 minor
670 2964 712 3034 E
720 2962 755 3034 L
776 2961 910 3034 eodem
928 2975 1095 3056 tempore
1112 2977 1276 3059 generat,
1304 2976 1345 3034 ut
1364 2959 1616 3059 rectangulum

162 3081 181 3158 l
200 3082 238 3152 T
243 3066 282 3153 P
295 3105 318 3152 ›<
335 3080 369 3152 C
374 3081 413 3151 P
430 3079 477 3151 ad
497 3105 621 3152 aream
648 3080 696 3151 K
706 3081 740 3152 C
751 3080 786 3152 G
799 3079 859 3152 F:
878 3095 1045 3173 tempore
1072 3096 1195 3151 autem
1223 3093 1302 3151 toto
1323 3077 1357 3149 C
1363 3078 1451 3149 ΡΑ
1481 3075 1614 3149 veloci-

162 3214 256 3271 tates
267 3196 403 3294 genitae
422 3210 530 3268 erunt
542 3195 590 3267 ad
610 3197 766 3268 invicem
785 3212 826 3268 ut
844 3194 1098 3294 rectangulum
1115 3195 1136 3274 ὲ
1154 3196 1191 3266 T
1195 3196 1269 3267 Px
1286 3194 1320 3266 C
1333 3195 1374 3266 A
1392 3194 1429 3266 81
1454 3194 1616 3291 triangu-

160 3314 236 3387 lum
271 3314 308 3384 T
316 3313 349 3385 C
360 3313 403 3397 G,
431 3312 511 3384 sive
537 3329 578 3385 ut
604 3338 709 3384 arcus
735 3311 985 3408 quadrantalis
1006 3313 1088 3384 CA
1106 3311 1142 3384 81
1160 3310 1283 3383 radius
1309 3310 1347 3381 T
1349 3310 1394 3383 P.
1451 3308 1617 3404 Ideoque

166 3431 248 3529 (per
273 3454 376 3525 prop.
407 3452 446 3499 1x
474 3427 532 3503 lib.
553 3452 584 3500 v>
603 3427 726 3525 elem.)
755 3426 932 3501 velocitas
960 3427 1150 3523 posterior,
1179 3441 1259 3499 toto
1289 3441 1456 3520 tempore
1481 3423 1615 3520 genita,

161 3549 230 3621 erit
261 3573 347 3642 pars
365 3546 465 3626 dlix
483 3547 688 3622 velocitatis
717 3546 823 3620 lunae.
892 3546 993 3618 Huic
1021 3546 1117 3619 lunae
1161 3545 1356 3629 velocitati,
1392 3570 1476 3641 quae
1519 3571 1616 3618 areae

163 3679 351 3736 momento
379 3664 554 3737 mediocri
581 3663 738 3761 analoga
752 3679 818 3747 est,
837 3662 996 3735 addatur
1014 3661 1050 3734 81
1068 3661 1254 3734 auferatur
1270 3661 1463 3733 dimidium
1482 3660 1615 3734 veloci-

162 3782 247 3853 tatis
276 3778 447 3866 alterius;
475 3780 511 3853 81
537 3781 567 3852 si
597 3794 827 3852 momentum
863 3777 1048 3850 mediocre
1076 3794 1283 3873 exponatur
1322 3802 1389 3872 per
1423 3802 1616 3850 numerum

168 3917 297 3988 11915‚
313 3920 459 3966 summa
491 3917 607 3988 11915
620 3913 651 3975 ÷
665 3916 712 3987 50
732 3919 797 3966 seu
823 3899 938 3986 11965
959 3892 1149 3965 exhibebit
1166 3907 1395 3965 momentum
1414 3893 1615 3965 maximum

161 4038 258 4085 areae
289 4012 325 4083 in
344 4011 497 4108 syzgyia
531 4013 584 4097 Α,
615 4037 657 4083 ac
688 4010 897 4082 differentia
937 4029 1158 4101 11915—50
1191 4035 1258 4081 seu
1299 4012 1415 4101 11865
1448 4008 1615 4105 ejusdem

162 4144 391 4202 momentum
449 4128 642 4200 minimum
702 4127 738 4199 in
787 4126 1030 4222 quadraturis.
1104 4125 1223 4222 Igitur
1254 4150 1350 4197 areae
1386 4125 1614 4220 temporibus

162 4244 365 4342 aequalibus
396 4247 432 4317 in
459 4245 594 4342 syzgiis
622 4244 657 4317 81
684 4244 916 4340 quadraturis
944 4243 1139 4338 descriptae
1174 4255 1260 4312 sunt
1302 4239 1536 4311 adinvicem
1575 4256 1616 4311 ut

168 4369 283 4456 11965
304 4363 351 4435 ad
376 4367 504 4455 11865.
573 4361 637 4433 Ad
665 4378 895 4434 momentum
922 4359 1114 4456 minimum
1138 4361 1253 4449 11865
1274 4356 1433 4429 addatur
1450 4381 1614 4429 momen-

161 4497 249 4565 tum,
277 4480 377 4576 quod
396 4481 443 4553 sit
460 4479 508 4551 ad
528 4492 798 4551 momentorum
821 4475 1065 4548 differentiam
1089 4497 1158 4548 roo
1174 4489 1216 4545 ut
1233 4473 1434 4568 trapezium
1451 4473 1539 4544 FK
1543 4473 1577 4545 C
1581 4472 1617 4546 G

161 4599 209 4670 ad
229 4597 451 4696 triangulum
478 4598 515 4668 T
524 4598 558 4668 C
569 4597 604 4668 G
625 4592 698 4692 (vel
717 4593 818 4690 quod
837 4592 991 4689 perinde
1009 4605 1076 4676 est,
1095 4605 1136 4662 ut
1154 4589 1375 4685 quadratum
1399 4588 1502 4660 sinus
1530 4591 1620 4661 PK

161 4716 207 4788 ad
227 4716 474 4812 quadrantum
501 4712 592 4785 radii
618 4713 656 4784 T
659 4713 705 4797 P,
726 4710 762 4782 id
781 4725 846 4795 est,
866 4725 907 4781 ut
931 4708 1008 4780 Pd
1021 4707 1068 4779 ad
1095 4708 1133 4779 T
1135 4706 1187 4803 P)
1209 4705 1245 4778 &
1261 4729 1408 4778 summa
1424 4705 1616 4779 exhibebit

162 4849 391 4907 momentum
409 4856 514 4914 areae,
531 4830 592 4902 ubi
611 4827 697 4900 luna
715 4842 772 4900 est
791 4827 826 4900 in
845 4825 926 4900 loco
945 4825 1078 4922 quovis
1094 4821 1312 4897 intermedio
1325 4822 1370 4896 P.
