<?xml version="1.0" encoding="UTF-8"?>
<!DOCTYPE html PUBLIC "-//W3C//DTD XHTML 1.0 Transitional//EN"
    "http://www.w3.org/TR/xhtml1/DTD/xhtml1-transitional.dtd">
<html xmlns="http://www.w3.org/1999/xhtml" xml:lang="en" lang="en">
 <head>
  <title>
</title>
<meta http-equiv="Content-Type" content="text/html;charset=utf-8" />
  <meta name='ocr-system' content='tesseract 3.04.00' />
  <meta name='ocr-capabilities' content='ocr_page ocr_carea ocr_par ocr_line ocrx_word'/>
</head>
<body>
  <div class='ocr_page' id='page_1' title='image "./sirisaacnewtons01newtgoog_0438.png"; bbox 0 0 4110 5782; ppageno 0'>
   <div class='ocr_carea' id='block_1_1' title="bbox 750 420 1661 515">
    <p class='ocr_par' dir='ltr' id='par_1_1' title="bbox 750 420 1661 515">
     <span class='ocr_line' id='line_1_1' title="bbox 750 420 1661 515; baseline 0.032 -38"><span class='ocrx_word' id='word_1_1' title='bbox 750 420 891 480; x_wconf 85' lang='lat' dir='ltr'><em>LIBER</em></span> <span class='ocrx_word' id='word_1_2' title='bbox 916 421 1117 482; x_wconf 82' lang='lat' dir='ltr'><em>TERTIUS.</em></span> <span class='ocrx_word' id='word_1_3' title='bbox 1590 444 1661 515; x_wconf 84' lang='lat'>397</span> 
     </span>
    </p>
   </div>
   <div class='ocr_carea' id='block_1_2' title="bbox 182 594 1666 4891">
    <p class='ocr_par' dir='ltr' id='par_1_2' title="bbox 182 594 1666 4891">
     <span class='ocr_line' id='line_1_2' title="bbox 206 594 1662 695; baseline 0 -23"><span class='ocrx_word' id='word_1_4' title='bbox 206 595 409 672; x_wconf 91' lang='lat' dir='ltr'>secundum</span> <span class='ocrx_word' id='word_1_5' title='bbox 437 594 675 668; x_wconf 78' lang='lat' dir='ltr'>Vendelinum</span> <span class='ocrx_word' id='word_1_6' title='bbox 697 594 733 668; x_wconf 84' lang='lat'>&amp;</span> <span class='ocrx_word' id='word_1_7' title='bbox 759 596 978 693; x_wconf 80' lang='lat' dir='ltr'>Hugem&#39;um</span> <span class='ocrx_word' id='word_1_8' title='bbox 1005 602 1063 683; x_wconf 88' lang='lat'>60,</span> <span class='ocrx_word' id='word_1_9' title='bbox 1081 597 1285 671; x_wconf 91' lang='lat' dir='ltr'>secundum</span> <span class='ocrx_word' id='word_1_10' title='bbox 1320 598 1556 695; x_wconf 75' lang='lat' dir='ltr'>Copcrnicum</span> <span class='ocrx_word' id='word_1_11' title='bbox 1583 600 1662 688; x_wconf 58' lang='lat'>605,</span> 
     </span>
     <span class='ocr_line' id='line_1_3' title="bbox 206 712 1662 814; baseline 0.001 -25"><span class='ocrx_word' id='word_1_12' title='bbox 206 716 410 789; x_wconf 90' lang='lat' dir='ltr'>secundum</span> <span class='ocrx_word' id='word_1_13' title='bbox 441 715 624 787; x_wconf 78' lang='lat' dir='ltr'>Strcetum</span> <span class='ocrx_word' id='word_1_14' title='bbox 655 712 734 799; x_wconf 73' lang='lat' dir='ltr'>60l,</span> <span class='ocrx_word' id='word_1_15' title='bbox 763 713 799 787; x_wconf 73' lang='lat'>81</span> <span class='ocrx_word' id='word_1_16' title='bbox 828 715 1034 788; x_wconf 91' lang='lat' dir='ltr'>secundum</span> <span class='ocrx_word' id='word_1_17' title='bbox 1067 715 1262 811; x_wconf 80' lang='lat' dir='ltr'>Tyclzoncm</span> <span class='ocrx_word' id='word_1_18' title='bbox 1295 715 1371 809; x_wconf 68' lang='lat' dir='ltr'>56l.</span> <span class='ocrx_word' id='word_1_19' title='bbox 1424 714 1499 790; x_wconf 87' lang='lat' dir='ltr'>Ast</span> <span class='ocrx_word' id='word_1_20' title='bbox 1534 717 1574 790; x_wconf 85' lang='grc' dir='ltr'><em>Τ</em></span> <span class='ocrx_word' id='word_1_21' title='bbox 1560 717 1662 814; x_wconf 77' lang='lat' dir='ltr'>ycho,</span> 
     </span>
     <span class='ocr_line' id='line_1_4' title="bbox 207 828 1664 928; baseline 0.002 -23"><span class='ocrx_word' id='word_1_22' title='bbox 207 831 244 905; x_wconf 79' lang='lat' dir='ltr'>dc</span> <span class='ocrx_word' id='word_1_23' title='bbox 274 844 458 928; x_wconf 89' lang='lat' dir='ltr'>quotquot</span> <span class='ocrx_word' id='word_1_24' title='bbox 492 831 572 928; x_wconf 90' lang='lat' dir='ltr'>ejus</span> <span class='ocrx_word' id='word_1_25' title='bbox 602 828 747 903; x_wconf 89' lang='lat' dir='ltr'>tabulas</span> <span class='ocrx_word' id='word_1_26' title='bbox 777 830 1036 904; x_wconf 84' lang='lat' dir='ltr'>refractionum</span> <span class='ocrx_word' id='word_1_27' title='bbox 1070 846 1284 927; x_wconf 91' lang='lat' dir='ltr'>sequuntur,</span> <span class='ocrx_word' id='word_1_28' title='bbox 1315 833 1575 907; x_wconf 93' lang='lat' dir='ltr'>constituendo</span> <span class='ocrx_word' id='word_1_29' title='bbox 1609 859 1664 908; x_wconf 89' lang='lat' dir='ltr'>re-</span> 
     </span>
     <span class='ocr_line' id='line_1_5' title="bbox 206 945 1664 1048; baseline 0.003 -28"><span class='ocrx_word' id='word_1_30' title='bbox 206 949 403 1023; x_wconf 89' lang='lat' dir='ltr'>sractiones</span> <span class='ocrx_word' id='word_1_31' title='bbox 440 945 529 1020; x_wconf 89' lang='lat' dir='ltr'>solis</span> <span class='ocrx_word' id='word_1_32' title='bbox 569 946 605 1020; x_wconf 70' lang='lat'>81</span> <span class='ocrx_word' id='word_1_33' title='bbox 642 945 741 1020; x_wconf 84' lang='lat' dir='ltr'>lunae</span> <span class='ocrx_word' id='word_1_34' title='bbox 782 945 948 1045; x_wconf 86' lang='lat' dir='ltr'>(omnino</span> <span class='ocrx_word' id='word_1_35' title='bbox 986 962 1114 1021; x_wconf 91' lang='lat' dir='ltr'>contra</span> <span class='ocrx_word' id='word_1_36' title='bbox 1152 963 1321 1021; x_wconf 90' lang='lat' dir='ltr'>naturam</span> <span class='ocrx_word' id='word_1_37' title='bbox 1360 947 1465 1047; x_wconf 89' lang='lat' dir='ltr'>lucis)</span> <span class='ocrx_word' id='word_1_38' title='bbox 1505 950 1664 1048; x_wconf 87' lang='lat' dir='ltr'>majores</span> 
     </span>
     <span class='ocr_line' id='line_1_6' title="bbox 207 1062 1665 1163; baseline 0.001 -25"><span class='ocrx_word' id='word_1_39' title='bbox 207 1091 320 1162; x_wconf 90' lang='lat' dir='ltr'>quam</span> <span class='ocrx_word' id='word_1_40' title='bbox 347 1064 512 1151; x_wconf 86' lang='lat' dir='ltr'>lixarum,</span> <span class='ocrx_word' id='word_1_41' title='bbox 533 1064 645 1161; x_wconf 90' lang='lat' dir='ltr'>idque</span> <span class='ocrx_word' id='word_1_42' title='bbox 671 1062 851 1160; x_wconf 87' lang='lat' dir='ltr'>scrupulis</span> <span class='ocrx_word' id='word_1_43' title='bbox 877 1065 983 1160; x_wconf 90' lang='lat' dir='ltr'>quasi</span> <span class='ocrx_word' id='word_1_44' title='bbox 1009 1079 1169 1160; x_wconf 90' lang='lat' dir='ltr'>quatuor</span> <span class='ocrx_word' id='word_1_45' title='bbox 1194 1062 1253 1138; x_wconf 92' lang='lat' dir='ltr'>vel</span> <span class='ocrx_word' id='word_1_46' title='bbox 1281 1066 1454 1163; x_wconf 92' lang='lat' dir='ltr'>quinque,</span> <span class='ocrx_word' id='word_1_47' title='bbox 1481 1083 1665 1141; x_wconf 87' lang='lat' dir='ltr'>auxerunt</span> 
     </span>
     <span class='ocr_line' id='line_1_7' title="bbox 205 1180 1662 1279; baseline 0.002 -24"><span class='ocrx_word' id='word_1_48' title='bbox 205 1180 409 1279; x_wconf 86' lang='lat' dir='ltr'>parallaxin</span> <span class='ocrx_word' id='word_1_49' title='bbox 435 1181 534 1255; x_wconf 85' lang='lat' dir='ltr'>lunae</span> <span class='ocrx_word' id='word_1_50' title='bbox 559 1180 741 1277; x_wconf 88' lang='lat' dir='ltr'>scrupulis</span> <span class='ocrx_word' id='word_1_51' title='bbox 768 1181 934 1267; x_wconf 92' lang='lat' dir='ltr'>totidem,</span> <span class='ocrx_word' id='word_1_52' title='bbox 961 1180 1032 1255; x_wconf 95' lang='lat' dir='ltr'>hoc</span> <span class='ocrx_word' id='word_1_53' title='bbox 1055 1197 1122 1268; x_wconf 91' lang='lat' dir='ltr'>est,</span> <span class='ocrx_word' id='word_1_54' title='bbox 1141 1183 1247 1277; x_wconf 89' lang='lat' dir='ltr'>quasi</span> <span class='ocrx_word' id='word_1_55' title='bbox 1274 1183 1494 1258; x_wconf 90' lang='lat' dir='ltr'>duodecima</span> <span class='ocrx_word' id='word_1_56' title='bbox 1511 1182 1572 1258; x_wconf 92' lang='lat' dir='ltr'>vel</span> <span class='ocrx_word' id='word_1_57' title='bbox 1598 1186 1662 1259; x_wconf 92' lang='lat' dir='ltr'>de-</span> 
     </span>
     <span class='ocr_line' id='line_1_8' title="bbox 206 1295 1662 1397; baseline 0 -24"><span class='ocrx_word' id='word_1_58' title='bbox 206 1300 302 1373; x_wconf 87' lang='lat' dir='ltr'>cima</span> <span class='ocrx_word' id='word_1_59' title='bbox 327 1297 458 1394; x_wconf 87' lang='lat' dir='ltr'>quinta</span> <span class='ocrx_word' id='word_1_60' title='bbox 487 1315 592 1394; x_wconf 91' lang='lat' dir='ltr'>parte</span> <span class='ocrx_word' id='word_1_61' title='bbox 622 1299 736 1373; x_wconf 90' lang='lat' dir='ltr'>totius</span> <span class='ocrx_word' id='word_1_62' title='bbox 766 1295 1006 1394; x_wconf 87' lang='lat' dir='ltr'>parallaxeos.</span> <span class='ocrx_word' id='word_1_63' title='bbox 1061 1298 1278 1397; x_wconf 89' lang='lat' dir='ltr'>Corrigatur</span> <span class='ocrx_word' id='word_1_64' title='bbox 1298 1298 1367 1373; x_wconf 93' lang='lat' dir='ltr'>iste</span> <span class='ocrx_word' id='word_1_65' title='bbox 1393 1324 1502 1387; x_wconf 92' lang='lat' dir='ltr'>error,</span> <span class='ocrx_word' id='word_1_66' title='bbox 1522 1299 1559 1373; x_wconf 79' lang='lat' dir='ltr'>dc</span> <span class='ocrx_word' id='word_1_67' title='bbox 1588 1299 1662 1374; x_wconf 93' lang='lat' dir='ltr'>dis-</span> 
     </span>
     <span class='ocr_line' id='line_1_9' title="bbox 210 1414 1665 1511; baseline -0.001 -20"><span class='ocrx_word' id='word_1_68' title='bbox 210 1416 328 1491; x_wconf 86' lang='lat' dir='ltr'>tantia</span> <span class='ocrx_word' id='word_1_69' title='bbox 362 1416 499 1490; x_wconf 88' lang='lat' dir='ltr'>evadet</span> <span class='ocrx_word' id='word_1_70' title='bbox 532 1415 639 1511; x_wconf 88' lang='lat' dir='ltr'>quasi</span> <span class='ocrx_word' id='word_1_71' title='bbox 674 1414 744 1494; x_wconf 76' lang='lat' dir='ltr'>60l</span> <span class='ocrx_word' id='word_1_72' title='bbox 777 1414 1135 1489; x_wconf 91' lang='lat' dir='ltr'>semidiametrorum</span> <span class='ocrx_word' id='word_1_73' title='bbox 1171 1414 1407 1502; x_wconf 91' lang='lat' dir='ltr'>terrestrium,</span> <span class='ocrx_word' id='word_1_74' title='bbox 1437 1415 1516 1489; x_wconf 89' lang='lat' dir='ltr'>sere</span> <span class='ocrx_word' id='word_1_75' title='bbox 1545 1432 1587 1490; x_wconf 91' lang='lat' dir='ltr'>ut</span> <span class='ocrx_word' id='word_1_76' title='bbox 1616 1416 1665 1490; x_wconf 88' lang='lat' dir='ltr'>ab</span> 
     </span>
     <span class='ocr_line' id='line_1_10' title="bbox 208 1529 1665 1632; baseline 0.001 -26"><span class='ocrx_word' id='word_1_77' title='bbox 208 1531 290 1606; x_wconf 91' lang='lat' dir='ltr'>aliis</span> <span class='ocrx_word' id='word_1_78' title='bbox 318 1533 549 1632; x_wconf 90' lang='lat' dir='ltr'>assignatum</span> <span class='ocrx_word' id='word_1_79' title='bbox 575 1545 642 1605; x_wconf 85' lang='lat' dir='ltr'>est</span> <span class='ocrx_word' id='word_1_80' title='bbox 695 1530 945 1604; x_wconf 88' lang='lat' dir='ltr'>Assumamus</span> <span class='ocrx_word' id='word_1_81' title='bbox 975 1529 1188 1603; x_wconf 86' lang='lat' dir='ltr'>distantiam</span> <span class='ocrx_word' id='word_1_82' title='bbox 1219 1532 1444 1606; x_wconf 88' lang='lat' dir='ltr'>mediocrem</span> <span class='ocrx_word' id='word_1_83' title='bbox 1470 1533 1665 1631; x_wconf 85' lang='lat' dir='ltr'>sexaginta</span> 
     </span>
     <span class='ocr_line' id='line_1_11' title="bbox 207 1644 1664 1746; baseline 0.001 -24"><span class='ocrx_word' id='word_1_84' title='bbox 207 1648 566 1722; x_wconf 91' lang='lat' dir='ltr'>semidiametrorum</span> <span class='ocrx_word' id='word_1_85' title='bbox 585 1648 621 1721; x_wconf 93' lang='lat' dir='ltr'>in</span> <span class='ocrx_word' id='word_1_86' title='bbox 640 1647 824 1745; x_wconf 89' lang='lat' dir='ltr'>syzygiis;</span> <span class='ocrx_word' id='word_1_87' title='bbox 852 1644 1073 1720; x_wconf 80' lang='lat' dir='ltr'>&amp;lunarem</span> <span class='ocrx_word' id='word_1_88' title='bbox 1098 1649 1294 1743; x_wconf 90' lang='lat' dir='ltr'>periodum</span> <span class='ocrx_word' id='word_1_89' title='bbox 1311 1665 1481 1746; x_wconf 90' lang='lat' dir='ltr'>respectu</span> <span class='ocrx_word' id='word_1_90' title='bbox 1507 1649 1664 1724; x_wconf 87' lang='lat' dir='ltr'>fixarum</span> 
     </span>
     <span class='ocr_line' id='line_1_12' title="bbox 208 1763 1663 1862; baseline 0 -23"><span class='ocrx_word' id='word_1_91' title='bbox 208 1764 384 1862; x_wconf 90' lang='lat' dir='ltr'>compleri</span> <span class='ocrx_word' id='word_1_92' title='bbox 415 1765 547 1838; x_wconf 90' lang='lat' dir='ltr'>diebus</span> <span class='ocrx_word' id='word_1_93' title='bbox 580 1784 637 1857; x_wconf 90' lang='lat'>27,</span> <span class='ocrx_word' id='word_1_94' title='bbox 670 1763 771 1837; x_wconf 91' lang='lat' dir='ltr'>horis</span> <span class='ocrx_word' id='word_1_95' title='bbox 805 1784 835 1857; x_wconf 90' lang='lat'>7,</span> <span class='ocrx_word' id='word_1_96' title='bbox 864 1763 1013 1836; x_wconf 89' lang='lat' dir='ltr'>minutis</span> <span class='ocrx_word' id='word_1_97' title='bbox 1040 1765 1167 1860; x_wconf 93' lang='lat' dir='ltr'>primis</span> <span class='ocrx_word' id='word_1_98' title='bbox 1201 1790 1261 1858; x_wconf 87' lang='lat'>43,</span> <span class='ocrx_word' id='word_1_99' title='bbox 1294 1781 1334 1838; x_wconf 93' lang='lat' dir='ltr'>ut</span> <span class='ocrx_word' id='word_1_100' title='bbox 1363 1766 1412 1839; x_wconf 91' lang='lat' dir='ltr'>ab</span> <span class='ocrx_word' id='word_1_101' title='bbox 1442 1766 1663 1841; x_wconf 91' lang='lat' dir='ltr'>astronomis</span> 
     </span>
     <span class='ocr_line' id='line_1_13' title="bbox 211 1880 1663 1979; baseline 0.003 -26"><span class='ocrx_word' id='word_1_102' title='bbox 211 1883 406 1970; x_wconf 90' lang='lat' dir='ltr'>statuitur;</span> <span class='ocrx_word' id='word_1_103' title='bbox 433 1898 546 1979; x_wconf 90' lang='lat' dir='ltr'>atque</span> <span class='ocrx_word' id='word_1_104' title='bbox 563 1880 743 1953; x_wconf 90' lang='lat' dir='ltr'>ambitum</span> <span class='ocrx_word' id='word_1_105' title='bbox 762 1896 869 1953; x_wconf 72' lang='lat' dir='ltr'>terrae</span> <span class='ocrx_word' id='word_1_106' title='bbox 887 1905 970 1954; x_wconf 87' lang='lat' dir='ltr'>esse</span> <span class='ocrx_word' id='word_1_107' title='bbox 988 1880 1126 1975; x_wconf 92' lang='lat' dir='ltr'>pedum</span> <span class='ocrx_word' id='word_1_108' title='bbox 1147 1881 1407 1955; x_wconf 86' lang='lat' dir='ltr'>Parisiensium</span> <span class='ocrx_word' id='word_1_109' title='bbox 1431 1889 1663 1975; x_wconf 85' lang='lat'>123249600,</span> 
     </span>
     <span class='ocr_line' id='line_1_14' title="bbox 209 1996 1663 2073; baseline -0.001 0"><span class='ocrx_word' id='word_1_110' title='bbox 209 1999 263 2073; x_wconf 90' lang='lat' dir='ltr'>uti</span> <span class='ocrx_word' id='word_1_111' title='bbox 293 2025 317 2071; x_wconf 90' lang='lat' dir='ltr'>a</span> <span class='ocrx_word' id='word_1_112' title='bbox 349 1999 472 2072; x_wconf 82' lang='lat' dir='ltr'>Gallis</span> <span class='ocrx_word' id='word_1_113' title='bbox 502 1998 801 2072; x_wconf 89' lang='lat' dir='ltr'>mensurantibus</span> <span class='ocrx_word' id='word_1_114' title='bbox 836 1997 1030 2071; x_wconf 91' lang='lat' dir='ltr'>definitum</span> <span class='ocrx_word' id='word_1_115' title='bbox 1061 2013 1137 2070; x_wconf 90' lang='lat' dir='ltr'>est:</span> <span class='ocrx_word' id='word_1_116' title='bbox 1180 1997 1217 2071; x_wconf 78' lang='lat' dir='ltr'>dc</span> <span class='ocrx_word' id='word_1_117' title='bbox 1246 1997 1276 2071; x_wconf 92' lang='lat' dir='ltr'>si</span> <span class='ocrx_word' id='word_1_118' title='bbox 1311 1996 1399 2070; x_wconf 89' lang='lat' dir='ltr'>luna</span> <span class='ocrx_word' id='word_1_119' title='bbox 1430 2014 1531 2072; x_wconf 92' lang='lat' dir='ltr'>motu</span> <span class='ocrx_word' id='word_1_120' title='bbox 1562 1999 1663 2072; x_wconf 93' lang='lat' dir='ltr'>omni</span> 
     </span>
     <span class='ocr_line' id='line_1_15' title="bbox 210 2111 1661 2214; baseline -0.001 -26"><span class='ocrx_word' id='word_1_121' title='bbox 210 2114 347 2212; x_wconf 92' lang='lat' dir='ltr'>privari</span> <span class='ocrx_word' id='word_1_122' title='bbox 379 2114 540 2214; x_wconf 85' lang='lat' dir='ltr'>fingatur</span> <span class='ocrx_word' id='word_1_123' title='bbox 569 2141 613 2188; x_wconf 91' lang='lat' dir='ltr'>ac</span> <span class='ocrx_word' id='word_1_124' title='bbox 643 2114 789 2199; x_wconf 92' lang='lat' dir='ltr'>dimitti,</span> <span class='ocrx_word' id='word_1_125' title='bbox 822 2129 863 2186; x_wconf 93' lang='lat' dir='ltr'>ut</span> <span class='ocrx_word' id='word_1_126' title='bbox 880 2130 1036 2211; x_wconf 89' lang='lat' dir='ltr'>urgente</span> <span class='ocrx_word' id='word_1_127' title='bbox 1062 2115 1100 2187; x_wconf 91' lang='lat' dir='ltr'>vi</span> <span class='ocrx_word' id='word_1_128' title='bbox 1132 2111 1193 2187; x_wconf 91' lang='lat' dir='ltr'>illa</span> <span class='ocrx_word' id='word_1_129' title='bbox 1221 2113 1332 2198; x_wconf 93' lang='lat' dir='ltr'>omni,</span> <span class='ocrx_word' id='word_1_130' title='bbox 1351 2138 1426 2209; x_wconf 92' lang='lat' dir='ltr'>qua</span> <span class='ocrx_word' id='word_1_131' title='bbox 1454 2112 1536 2212; x_wconf 88' lang='lat' dir='ltr'>(per</span> <span class='ocrx_word' id='word_1_132' title='bbox 1552 2112 1661 2188; x_wconf 92' lang='lat' dir='ltr'>corol.</span> 
     </span>
     <span class='ocr_line' id='line_1_16' title="bbox 208 2228 1664 2331; baseline -0.002 -25"><span class='ocrx_word' id='word_1_133' title='bbox 208 2257 312 2328; x_wconf 87' lang='lat' dir='ltr'>prop.</span> <span class='ocrx_word' id='word_1_134' title='bbox 341 2232 399 2331; x_wconf 89' lang='lat'>111)</span> <span class='ocrx_word' id='word_1_135' title='bbox 431 2233 469 2304; x_wconf 91' lang='lat' dir='ltr'>in</span> <span class='ocrx_word' id='word_1_136' title='bbox 500 2232 590 2305; x_wconf 89' lang='lat' dir='ltr'>orbe</span> <span class='ocrx_word' id='word_1_137' title='bbox 621 2255 689 2303; x_wconf 91' lang='lat' dir='ltr'>suo</span> <span class='ocrx_word' id='word_1_138' title='bbox 720 2230 907 2319; x_wconf 89' lang='lat' dir='ltr'>retinetur,</span> <span class='ocrx_word' id='word_1_139' title='bbox 938 2229 1142 2304; x_wconf 91' lang='lat' dir='ltr'>descendat</span> <span class='ocrx_word' id='word_1_140' title='bbox 1170 2229 1206 2301; x_wconf 93' lang='lat' dir='ltr'>in</span> <span class='ocrx_word' id='word_1_141' title='bbox 1237 2244 1393 2316; x_wconf 86' lang='lat' dir='ltr'>terram;</span> <span class='ocrx_word' id='word_1_142' title='bbox 1428 2228 1509 2302; x_wconf 85' lang='lat' dir='ltr'>haec</span> <span class='ocrx_word' id='word_1_143' title='bbox 1542 2229 1664 2325; x_wconf 92' lang='lat' dir='ltr'>spatio</span> 
     </span>
     <span class='ocr_line' id='line_1_17' title="bbox 182 2343 1662 2443; baseline -0.005 -19"><span class='ocrx_word' id='word_1_144' title='bbox 182 2418 187 2426; x_wconf 89' lang='lat'>.</span> <span class='ocrx_word' id='word_1_145' title='bbox 209 2349 340 2421; x_wconf 93' lang='lat' dir='ltr'>minuti</span> <span class='ocrx_word' id='word_1_146' title='bbox 368 2349 475 2420; x_wconf 90' lang='lat' dir='ltr'>unius</span> <span class='ocrx_word' id='word_1_147' title='bbox 502 2347 610 2443; x_wconf 92' lang='lat' dir='ltr'>primi</span> <span class='ocrx_word' id='word_1_148' title='bbox 637 2346 805 2420; x_wconf 90' lang='lat' dir='ltr'>cadendo</span> <span class='ocrx_word' id='word_1_149' title='bbox 831 2346 1015 2419; x_wconf 86' lang='lat' dir='ltr'>describet</span> <span class='ocrx_word' id='word_1_150' title='bbox 1036 2345 1152 2441; x_wconf 89' lang='lat' dir='ltr'>pedes</span> <span class='ocrx_word' id='word_1_151' title='bbox 1181 2345 1406 2419; x_wconf 87' lang='lat' dir='ltr'>Parisienses</span> <span class='ocrx_word' id='word_1_152' title='bbox 1429 2345 1522 2438; x_wconf 66' lang='lat' dir='ltr'>151¹r.</span> <span class='ocrx_word' id='word_1_153' title='bbox 1578 2343 1662 2419; x_wconf 90' lang='lat' dir='ltr'>Col-</span> 
     </span>
     <span class='ocr_line' id='line_1_18' title="bbox 210 2459 1664 2563; baseline -0.003 -25"><span class='ocrx_word' id='word_1_154' title='bbox 210 2464 336 2563; x_wconf 85' lang='lat' dir='ltr'>ligitur</span> <span class='ocrx_word' id='word_1_155' title='bbox 369 2464 439 2538; x_wconf 94' lang='lat' dir='ltr'>hoc</span> <span class='ocrx_word' id='word_1_156' title='bbox 474 2489 522 2537; x_wconf 85' lang='lat' dir='ltr'>ex</span> <span class='ocrx_word' id='word_1_157' title='bbox 561 2462 700 2537; x_wconf 90' lang='lat' dir='ltr'>calculo</span> <span class='ocrx_word' id='word_1_158' title='bbox 735 2459 795 2535; x_wconf 90' lang='lat' dir='ltr'>vel</span> <span class='ocrx_word' id='word_1_159' title='bbox 834 2487 902 2557; x_wconf 94' lang='lat' dir='ltr'>per</span> <span class='ocrx_word' id='word_1_160' title='bbox 936 2461 1230 2558; x_wconf 88' lang='lat' dir='ltr'>propositionem</span> <span class='ocrx_word' id='word_1_161' title='bbox 1266 2484 1385 2533; x_wconf 84' lang='lat' dir='ltr'>xxxv1</span> <span class='ocrx_word' id='word_1_162' title='bbox 1421 2460 1502 2533; x_wconf 90' lang='lat' dir='ltr'>libri</span> <span class='ocrx_word' id='word_1_163' title='bbox 1546 2461 1664 2556; x_wconf 90' lang='lat' dir='ltr'>primi,</span> 
     </span>
     <span class='ocr_line' id='line_1_19' title="bbox 208 2577 1664 2680; baseline -0.002 -24"><span class='ocrx_word' id='word_1_164' title='bbox 208 2582 269 2656; x_wconf 89' lang='lat' dir='ltr'>vel</span> <span class='ocrx_word' id='word_1_165' title='bbox 291 2582 405 2680; x_wconf 85' lang='lat' dir='ltr'>(quod</span> <span class='ocrx_word' id='word_1_166' title='bbox 432 2581 565 2655; x_wconf 88' lang='lat' dir='ltr'>codem</span> <span class='ocrx_word' id='word_1_167' title='bbox 592 2579 735 2678; x_wconf 89' lang='lat' dir='ltr'>recidit)</span> <span class='ocrx_word' id='word_1_168' title='bbox 756 2605 822 2676; x_wconf 91' lang='lat' dir='ltr'>per</span> <span class='ocrx_word' id='word_1_169' title='bbox 838 2577 1068 2652; x_wconf 89' lang='lat' dir='ltr'>corollarium</span> <span class='ocrx_word' id='word_1_170' title='bbox 1088 2603 1226 2651; x_wconf 93' lang='lat' dir='ltr'>nonum</span> <span class='ocrx_word' id='word_1_171' title='bbox 1243 2579 1505 2675; x_wconf 90' lang='lat' dir='ltr'>propositionis</span> <span class='ocrx_word' id='word_1_172' title='bbox 1523 2594 1664 2674; x_wconf 70' lang='lat' dir='ltr'>quartae</span> 
     </span>
     <span class='ocr_line' id='line_1_20' title="bbox 209 2694 1664 2799; baseline -0.003 -25"><span class='ocrx_word' id='word_1_173' title='bbox 209 2701 377 2799; x_wconf 90' lang='lat' dir='ltr'>ejusdem</span> <span class='ocrx_word' id='word_1_174' title='bbox 395 2698 486 2786; x_wconf 89' lang='lat' dir='ltr'>libri,</span> <span class='ocrx_word' id='word_1_175' title='bbox 506 2699 684 2774; x_wconf 77' lang='lat' dir='ltr'>conlecto,</span> <span class='ocrx_word' id='word_1_176' title='bbox 742 2696 842 2769; x_wconf 89' lang='lat' dir='ltr'>Nam</span> <span class='ocrx_word' id='word_1_177' title='bbox 860 2722 966 2770; x_wconf 92' lang='lat' dir='ltr'>arcus</span> <span class='ocrx_word' id='word_1_178' title='bbox 985 2695 1079 2769; x_wconf 92' lang='lat' dir='ltr'>illius</span> <span class='ocrx_word' id='word_1_179' title='bbox 1097 2720 1210 2791; x_wconf 90' lang='lat' dir='ltr'>quem</span> <span class='ocrx_word' id='word_1_180' title='bbox 1235 2694 1322 2768; x_wconf 92' lang='lat' dir='ltr'>luna</span> <span class='ocrx_word' id='word_1_181' title='bbox 1339 2711 1507 2793; x_wconf 91' lang='lat' dir='ltr'>tempore</span> <span class='ocrx_word' id='word_1_182' title='bbox 1533 2696 1664 2770; x_wconf 90' lang='lat' dir='ltr'>minuti</span> 
     </span>
     <span class='ocr_line' id='line_1_21' title="bbox 213 2812 1664 2911; baseline -0.001 -23"><span class='ocrx_word' id='word_1_183' title='bbox 213 2816 322 2888; x_wconf 92' lang='lat' dir='ltr'>unius</span> <span class='ocrx_word' id='word_1_184' title='bbox 348 2815 467 2911; x_wconf 92' lang='lat' dir='ltr'>primi,</span> <span class='ocrx_word' id='word_1_185' title='bbox 496 2815 621 2888; x_wconf 90' lang='lat' dir='ltr'>medio</span> <span class='ocrx_word' id='word_1_186' title='bbox 646 2839 715 2888; x_wconf 92' lang='lat' dir='ltr'>suo</span> <span class='ocrx_word' id='word_1_187' title='bbox 746 2829 858 2900; x_wconf 91' lang='lat' dir='ltr'>motu,</span> <span class='ocrx_word' id='word_1_188' title='bbox 885 2813 934 2885; x_wconf 93' lang='lat' dir='ltr'>ad</span> <span class='ocrx_word' id='word_1_189' title='bbox 968 2813 1182 2885; x_wconf 90' lang='lat' dir='ltr'>distantiam</span> <span class='ocrx_word' id='word_1_190' title='bbox 1208 2812 1402 2910; x_wconf 85' lang='lat' dir='ltr'>sexaginta</span> <span class='ocrx_word' id='word_1_191' title='bbox 1431 2812 1664 2886; x_wconf 90' lang='lat' dir='ltr'>semidiame-</span> 
     </span>
     <span class='ocr_line' id='line_1_22' title="bbox 211 2927 1664 3023; baseline -0.003 -18"><span class='ocrx_word' id='word_1_192' title='bbox 211 2948 350 3006; x_wconf 90' lang='lat' dir='ltr'>trorum</span> <span class='ocrx_word' id='word_1_193' title='bbox 381 2933 608 3005; x_wconf 91' lang='lat' dir='ltr'>terrestrium</span> <span class='ocrx_word' id='word_1_194' title='bbox 640 2930 833 3016; x_wconf 85' lang='lat' dir='ltr'>describat,</span> <span class='ocrx_word' id='word_1_195' title='bbox 856 2929 959 3002; x_wconf 91' lang='lat' dir='ltr'>sinus</span> <span class='ocrx_word' id='word_1_196' title='bbox 988 2954 1119 3002; x_wconf 85' lang='lat' dir='ltr'>versus</span> <span class='ocrx_word' id='word_1_197' title='bbox 1149 2943 1206 3002; x_wconf 92' lang='lat' dir='ltr'>est</span> <span class='ocrx_word' id='word_1_198' title='bbox 1231 2929 1369 3023; x_wconf 90' lang='lat' dir='ltr'>pedum</span> <span class='ocrx_word' id='word_1_199' title='bbox 1403 2927 1664 3001; x_wconf 88' lang='lat' dir='ltr'>Parisiensium</span> 
     </span>
     <span class='ocr_line' id='line_1_23' title="bbox 215 3042 1663 3146; baseline -0.002 -26"><span class='ocrx_word' id='word_1_200' title='bbox 215 3048 299 3142; x_wconf 68' lang='lat' dir='ltr'>15r¹r</span> <span class='ocrx_word' id='word_1_201' title='bbox 317 3048 468 3134; x_wconf 89' lang='lat' dir='ltr'>circiter,</span> <span class='ocrx_word' id='word_1_202' title='bbox 487 3047 548 3121; x_wconf 91' lang='lat' dir='ltr'>vel</span> <span class='ocrx_word' id='word_1_203' title='bbox 575 3049 695 3146; x_wconf 91' lang='lat' dir='ltr'>magis</span> <span class='ocrx_word' id='word_1_204' title='bbox 721 3061 891 3120; x_wconf 90' lang='lat' dir='ltr'>accurate</span> <span class='ocrx_word' id='word_1_205' title='bbox 917 3044 1054 3140; x_wconf 92' lang='lat' dir='ltr'>pedum</span> <span class='ocrx_word' id='word_1_206' title='bbox 1088 3067 1128 3139; x_wconf 87' lang='lat'>15</span> <span class='ocrx_word' id='word_1_207' title='bbox 1149 3045 1221 3143; x_wconf 89' lang='lat' dir='ltr'>dig.</span> <span class='ocrx_word' id='word_1_208' title='bbox 1247 3068 1259 3116; x_wconf 92' lang='lat'>1</span> <span class='ocrx_word' id='word_1_209' title='bbox 1284 3043 1320 3117; x_wconf 84' lang='lat'>&amp;</span> <span class='ocrx_word' id='word_1_210' title='bbox 1345 3043 1406 3117; x_wconf 94' lang='lat' dir='ltr'>lin.</span> <span class='ocrx_word' id='word_1_211' title='bbox 1433 3043 1481 3121; x_wconf 70' lang='lat'><strong>11⁴5.</strong></span> <span class='ocrx_word' id='word_1_212' title='bbox 1539 3042 1663 3129; x_wconf 91' lang='lat' dir='ltr'>Unde,</span> 
     </span>
     <span class='ocr_line' id='line_1_24' title="bbox 208 3159 1664 3259; baseline -0.003 -21"><span class='ocrx_word' id='word_1_213' title='bbox 208 3191 291 3238; x_wconf 93' lang='lat' dir='ltr'>cum</span> <span class='ocrx_word' id='word_1_214' title='bbox 323 3167 380 3238; x_wconf 91' lang='lat' dir='ltr'>vis</span> <span class='ocrx_word' id='word_1_215' title='bbox 412 3164 472 3238; x_wconf 91' lang='lat' dir='ltr'>illa</span> <span class='ocrx_word' id='word_1_216' title='bbox 501 3165 714 3240; x_wconf 89' lang='lat' dir='ltr'>accedendo</span> <span class='ocrx_word' id='word_1_217' title='bbox 744 3163 792 3236; x_wconf 93' lang='lat' dir='ltr'>ad</span> <span class='ocrx_word' id='word_1_218' title='bbox 820 3179 957 3236; x_wconf 93' lang='lat' dir='ltr'>terram</span> <span class='ocrx_word' id='word_1_219' title='bbox 988 3177 1169 3259; x_wconf 89' lang='lat' dir='ltr'>augeatur</span> <span class='ocrx_word' id='word_1_220' title='bbox 1199 3162 1235 3234; x_wconf 91' lang='lat' dir='ltr'>in</span> <span class='ocrx_word' id='word_1_221' title='bbox 1266 3160 1453 3257; x_wconf 88' lang='lat' dir='ltr'>duplicata</span> <span class='ocrx_word' id='word_1_222' title='bbox 1478 3159 1664 3233; x_wconf 83' lang='lat' dir='ltr'>distantiae</span> 
     </span>
     <span class='ocr_line' id='line_1_25' title="bbox 210 3278 1666 3379; baseline 0.001 -24"><span class='ocrx_word' id='word_1_223' title='bbox 210 3282 353 3356; x_wconf 88' lang='lat' dir='ltr'>ratione</span> <span class='ocrx_word' id='word_1_224' title='bbox 379 3282 527 3355; x_wconf 91' lang='lat' dir='ltr'>inversa</span> <span class='ocrx_word' id='word_1_225' title='bbox 555 3281 714 3379; x_wconf 92' lang='lat' dir='ltr'>ideoque</span> <span class='ocrx_word' id='word_1_226' title='bbox 745 3281 792 3353; x_wconf 94' lang='lat' dir='ltr'>ad</span> <span class='ocrx_word' id='word_1_227' title='bbox 824 3278 1055 3376; x_wconf 88' lang='lat' dir='ltr'>superficiem</span> <span class='ocrx_word' id='word_1_228' title='bbox 1087 3293 1194 3352; x_wconf 73' lang='lat' dir='ltr'>terrae</span> <span class='ocrx_word' id='word_1_229' title='bbox 1225 3278 1343 3376; x_wconf 93' lang='lat' dir='ltr'>major</span> <span class='ocrx_word' id='word_1_230' title='bbox 1358 3278 1407 3352; x_wconf 92' lang='lat' dir='ltr'>sit</span> <span class='ocrx_word' id='word_1_231' title='bbox 1423 3278 1589 3374; x_wconf 87' lang='lat' dir='ltr'>partibus</span> <span class='ocrx_word' id='word_1_232' title='bbox 1616 3285 1666 3356; x_wconf 88' lang='lat'>60</span> 
     </span>
     <span class='ocr_line' id='line_1_26' title="bbox 221 3394 1665 3494; baseline 0.001 -24"><span class='ocrx_word' id='word_1_233' title='bbox 221 3421 245 3470; x_wconf 80' lang='lat' dir='ltr'>x</span> <span class='ocrx_word' id='word_1_234' title='bbox 260 3404 309 3471; x_wconf 87' lang='lat'>60</span> <span class='ocrx_word' id='word_1_235' title='bbox 343 3423 454 3493; x_wconf 91' lang='lat' dir='ltr'>quam</span> <span class='ocrx_word' id='word_1_236' title='bbox 484 3398 533 3470; x_wconf 92' lang='lat' dir='ltr'>ad</span> <span class='ocrx_word' id='word_1_237' title='bbox 563 3396 697 3483; x_wconf 92' lang='lat' dir='ltr'>lunam,</span> <span class='ocrx_word' id='word_1_238' title='bbox 725 3423 859 3494; x_wconf 94' lang='lat' dir='ltr'>corpus</span> <span class='ocrx_word' id='word_1_239' title='bbox 882 3396 919 3469; x_wconf 94' lang='lat' dir='ltr'>vi</span> <span class='ocrx_word' id='word_1_240' title='bbox 947 3394 1008 3468; x_wconf 93' lang='lat' dir='ltr'>illa</span> <span class='ocrx_word' id='word_1_241' title='bbox 1034 3396 1070 3467; x_wconf 93' lang='lat' dir='ltr'>in</span> <span class='ocrx_word' id='word_1_242' title='bbox 1098 3395 1308 3493; x_wconf 91' lang='lat' dir='ltr'>regionibus</span> <span class='ocrx_word' id='word_1_243' title='bbox 1336 3396 1470 3469; x_wconf 92' lang='lat' dir='ltr'>nostris</span> <span class='ocrx_word' id='word_1_244' title='bbox 1496 3398 1665 3473; x_wconf 91' lang='lat' dir='ltr'>cadendo</span> 
     </span>
     <span class='ocr_line' id='line_1_27' title="bbox 207 3511 1665 3609; baseline 0.001 -22"><span class='ocrx_word' id='word_1_245' title='bbox 207 3514 418 3587; x_wconf 90' lang='lat' dir='ltr'>describere</span> <span class='ocrx_word' id='word_1_246' title='bbox 444 3513 597 3586; x_wconf 89' lang='lat' dir='ltr'>deberet</span> <span class='ocrx_word' id='word_1_247' title='bbox 626 3514 748 3609; x_wconf 90' lang='lat' dir='ltr'>spatio</span> <span class='ocrx_word' id='word_1_248' title='bbox 778 3513 909 3585; x_wconf 91' lang='lat' dir='ltr'>minuti</span> <span class='ocrx_word' id='word_1_249' title='bbox 940 3512 1048 3584; x_wconf 90' lang='lat' dir='ltr'>unius</span> <span class='ocrx_word' id='word_1_250' title='bbox 1074 3511 1182 3607; x_wconf 89' lang='lat' dir='ltr'>primi</span> <span class='ocrx_word' id='word_1_251' title='bbox 1208 3512 1325 3607; x_wconf 90' lang='lat' dir='ltr'>pedes</span> <span class='ocrx_word' id='word_1_252' title='bbox 1358 3513 1584 3587; x_wconf 90' lang='lat' dir='ltr'>Parisienses</span> <span class='ocrx_word' id='word_1_253' title='bbox 1615 3521 1665 3588; x_wconf 92' lang='lat'>60</span> 
     </span>
     <span class='ocr_line' id='line_1_28' title="bbox 220 3625 1664 3728; baseline -0.001 -25"><span class='ocrx_word' id='word_1_254' title='bbox 220 3630 459 3724; x_wconf 59' lang='lat' dir='ltr'>x6ox151b,</span> <span class='ocrx_word' id='word_1_255' title='bbox 485 3629 521 3703; x_wconf 68' lang='lat'>81</span> <span class='ocrx_word' id='word_1_256' title='bbox 547 3631 668 3726; x_wconf 89' lang='lat' dir='ltr'>spatio</span> <span class='ocrx_word' id='word_1_257' title='bbox 692 3631 823 3703; x_wconf 89' lang='lat' dir='ltr'>minuti</span> <span class='ocrx_word' id='word_1_258' title='bbox 854 3631 962 3703; x_wconf 91' lang='lat' dir='ltr'>unius</span> <span class='ocrx_word' id='word_1_259' title='bbox 992 3628 1145 3702; x_wconf 92' lang='lat' dir='ltr'>secundi</span> <span class='ocrx_word' id='word_1_260' title='bbox 1175 3628 1292 3724; x_wconf 87' lang='lat' dir='ltr'>pedes</span> <span class='ocrx_word' id='word_1_261' title='bbox 1328 3625 1421 3721; x_wconf 65' lang='lat' dir='ltr'>15&#39;1b,</span> <span class='ocrx_word' id='word_1_262' title='bbox 1453 3627 1513 3702; x_wconf 90' lang='lat' dir='ltr'>vel</span> <span class='ocrx_word' id='word_1_263' title='bbox 1545 3630 1664 3728; x_wconf 87' lang='lat' dir='ltr'>magis</span> 
     </span>
     <span class='ocr_line' id='line_1_29' title="bbox 208 3742 1663 3845; baseline 0 -25"><span class='ocrx_word' id='word_1_264' title='bbox 208 3762 378 3820; x_wconf 89' lang='lat' dir='ltr'>accurate</span> <span class='ocrx_word' id='word_1_265' title='bbox 403 3747 520 3842; x_wconf 88' lang='lat' dir='ltr'>pedes</span> <span class='ocrx_word' id='word_1_266' title='bbox 544 3768 585 3840; x_wconf 86' lang='lat'>15</span> <span class='ocrx_word' id='word_1_267' title='bbox 605 3747 679 3845; x_wconf 88' lang='lat' dir='ltr'>dig.</span> <span class='ocrx_word' id='word_1_268' title='bbox 706 3773 718 3819; x_wconf 90' lang='lat'>1</span> <span class='ocrx_word' id='word_1_269' title='bbox 743 3748 779 3820; x_wconf 70' lang='grc' dir='ltr'>ἃ</span> <span class='ocrx_word' id='word_1_270' title='bbox 796 3747 857 3821; x_wconf 89' lang='lat' dir='ltr'>lin.</span> <span class='ocrx_word' id='word_1_271' title='bbox 884 3747 932 3825; x_wconf 59' lang='grc' dir='ltr'>πθ.</span> <span class='ocrx_word' id='word_1_272' title='bbox 1001 3747 1054 3819; x_wconf 90' lang='lat' dir='ltr'>Et</span> <span class='ocrx_word' id='word_1_273' title='bbox 1083 3744 1215 3819; x_wconf 87' lang='lat' dir='ltr'>eadem</span> <span class='ocrx_word' id='word_1_274' title='bbox 1233 3742 1270 3815; x_wconf 89' lang='lat' dir='ltr'>vi</span> <span class='ocrx_word' id='word_1_275' title='bbox 1295 3743 1426 3840; x_wconf 87' lang='lat' dir='ltr'>gravia</span> <span class='ocrx_word' id='word_1_276' title='bbox 1444 3770 1574 3819; x_wconf 90' lang='lat' dir='ltr'>revera</span> <span class='ocrx_word' id='word_1_277' title='bbox 1598 3745 1663 3820; x_wconf 92' lang='lat' dir='ltr'>de-</span> 
     </span>
     <span class='ocr_line' id='line_1_30' title="bbox 208 3858 1663 3958; baseline 0 -22"><span class='ocrx_word' id='word_1_278' title='bbox 208 3863 391 3937; x_wconf 90' lang='lat' dir='ltr'>scendunt</span> <span class='ocrx_word' id='word_1_279' title='bbox 409 3863 445 3934; x_wconf 95' lang='lat' dir='ltr'>in</span> <span class='ocrx_word' id='word_1_280' title='bbox 464 3878 607 3937; x_wconf 90' lang='lat' dir='ltr'>terram.</span> <span class='ocrx_word' id='word_1_281' title='bbox 663 3862 764 3935; x_wconf 89' lang='lat' dir='ltr'>Nam</span> <span class='ocrx_word' id='word_1_282' title='bbox 791 3860 952 3958; x_wconf 91' lang='lat' dir='ltr'>penduli,</span> <span class='ocrx_word' id='word_1_283' title='bbox 972 3863 1008 3934; x_wconf 94' lang='lat' dir='ltr'>in</span> <span class='ocrx_word' id='word_1_284' title='bbox 1026 3859 1220 3933; x_wconf 88' lang='lat' dir='ltr'>latitudine</span> <span class='ocrx_word' id='word_1_285' title='bbox 1249 3858 1407 3931; x_wconf 80' lang='lat' dir='ltr'>Lutetiae</span> <span class='ocrx_word' id='word_1_286' title='bbox 1441 3860 1663 3936; x_wconf 89' lang='lat' dir='ltr'>Parisiorum</span> 
     </span>
     <span class='ocr_line' id='line_1_31' title="bbox 208 3975 1663 4076; baseline -0.001 -23"><span class='ocrx_word' id='word_1_287' title='bbox 208 3981 256 4053; x_wconf 93' lang='lat' dir='ltr'>ad</span> <span class='ocrx_word' id='word_1_288' title='bbox 284 3977 431 4076; x_wconf 90' lang='lat' dir='ltr'>singula</span> <span class='ocrx_word' id='word_1_289' title='bbox 459 3978 600 4051; x_wconf 87' lang='lat' dir='ltr'>minuta</span> <span class='ocrx_word' id='word_1_290' title='bbox 633 3980 797 4053; x_wconf 88' lang='lat' dir='ltr'>secunda</span> <span class='ocrx_word' id='word_1_291' title='bbox 827 3977 1036 4063; x_wconf 90' lang='lat' dir='ltr'>oscillantis,</span> <span class='ocrx_word' id='word_1_292' title='bbox 1067 3975 1261 4074; x_wconf 91' lang='lat' dir='ltr'>longitudo</span> <span class='ocrx_word' id='word_1_293' title='bbox 1288 3990 1346 4048; x_wconf 88' lang='lat' dir='ltr'>est</span> <span class='ocrx_word' id='word_1_294' title='bbox 1379 3976 1518 4071; x_wconf 92' lang='lat' dir='ltr'>pedum</span> <span class='ocrx_word' id='word_1_295' title='bbox 1553 3980 1663 4052; x_wconf 92' lang='lat' dir='ltr'>trium</span> 
     </span>
     <span class='ocr_line' id='line_1_32' title="bbox 212 4092 1664 4188; baseline 0 -19"><span class='ocrx_word' id='word_1_296' title='bbox 212 4096 471 4169; x_wconf 89' lang='lat' dir='ltr'>Parisiensium</span> <span class='ocrx_word' id='word_1_297' title='bbox 500 4094 536 4167; x_wconf 70' lang='lat'>81</span> <span class='ocrx_word' id='word_1_298' title='bbox 559 4093 738 4168; x_wconf 89' lang='lat' dir='ltr'>linearum</span> <span class='ocrx_word' id='word_1_299' title='bbox 768 4095 820 4180; x_wconf 64' lang='lat' dir='ltr'>8t,</span> <span class='ocrx_word' id='word_1_300' title='bbox 848 4110 889 4167; x_wconf 92' lang='lat' dir='ltr'>ut</span> <span class='ocrx_word' id='word_1_301' title='bbox 918 4095 1133 4169; x_wconf 85' lang='lat' dir='ltr'>observavit</span> <span class='ocrx_word' id='word_1_302' title='bbox 1159 4092 1366 4188; x_wconf 74' lang='lat' dir='ltr'>Hugmius.</span> <span class='ocrx_word' id='word_1_303' title='bbox 1425 4093 1477 4166; x_wconf 92' lang='lat' dir='ltr'>Et</span> <span class='ocrx_word' id='word_1_304' title='bbox 1506 4092 1664 4170; x_wconf 91' lang='lat' dir='ltr'>altitudo</span> 
     </span>
     <span class='ocr_line' id='line_1_33' title="bbox 209 4209 1664 4310; baseline 0.001 -25"><span class='ocrx_word' id='word_1_305' title='bbox 209 4239 320 4310; x_wconf 92' lang='lat' dir='ltr'>quam</span> <span class='ocrx_word' id='word_1_306' title='bbox 355 4237 471 4310; x_wconf 89' lang='lat' dir='ltr'>grave</span> <span class='ocrx_word' id='word_1_307' title='bbox 505 4228 673 4308; x_wconf 93' lang='lat' dir='ltr'>tempore</span> <span class='ocrx_word' id='word_1_308' title='bbox 708 4210 837 4284; x_wconf 91' lang='lat' dir='ltr'>minuti</span> <span class='ocrx_word' id='word_1_309' title='bbox 869 4210 977 4283; x_wconf 91' lang='lat' dir='ltr'>unius</span> <span class='ocrx_word' id='word_1_310' title='bbox 1007 4209 1159 4282; x_wconf 91' lang='lat' dir='ltr'>secundi</span> <span class='ocrx_word' id='word_1_311' title='bbox 1191 4209 1360 4282; x_wconf 90' lang='lat' dir='ltr'>cadendo</span> <span class='ocrx_word' id='word_1_312' title='bbox 1390 4209 1574 4298; x_wconf 89' lang='lat' dir='ltr'>describit,</span> <span class='ocrx_word' id='word_1_313' title='bbox 1606 4228 1664 4286; x_wconf 89' lang='lat' dir='ltr'>est</span> 
     </span>
     <span class='ocr_line' id='line_1_34' title="bbox 208 4323 1662 4425; baseline -0.001 -24"><span class='ocrx_word' id='word_1_314' title='bbox 208 4330 256 4401; x_wconf 94' lang='lat' dir='ltr'>ad</span> <span class='ocrx_word' id='word_1_315' title='bbox 274 4328 466 4401; x_wconf 89' lang='lat' dir='ltr'>dimidiam</span> <span class='ocrx_word' id='word_1_316' title='bbox 483 4325 752 4425; x_wconf 91' lang='lat' dir='ltr'>longitudinem</span> <span class='ocrx_word' id='word_1_317' title='bbox 771 4324 922 4423; x_wconf 92' lang='lat' dir='ltr'>penduli</span> <span class='ocrx_word' id='word_1_318' title='bbox 949 4325 1058 4424; x_wconf 89' lang='lat' dir='ltr'>hujus</span> <span class='ocrx_word' id='word_1_319' title='bbox 1077 4325 1113 4398; x_wconf 95' lang='lat' dir='ltr'>in</span> <span class='ocrx_word' id='word_1_320' title='bbox 1131 4323 1319 4421; x_wconf 88' lang='lat' dir='ltr'>duplicata</span> <span class='ocrx_word' id='word_1_321' title='bbox 1343 4324 1485 4399; x_wconf 90' lang='lat' dir='ltr'>ratione</span> <span class='ocrx_word' id='word_1_322' title='bbox 1510 4326 1662 4400; x_wconf 87' lang='lat' dir='ltr'>circum·</span> 
     </span>
     <span class='ocr_line' id='line_1_35' title="bbox 210 4441 1661 4547; baseline 0.001 -30"><span class='ocrx_word' id='word_1_323' title='bbox 210 4444 376 4519; x_wconf 85' lang='lat' dir='ltr'>serentiae</span> <span class='ocrx_word' id='word_1_324' title='bbox 411 4441 533 4517; x_wconf 91' lang='lat' dir='ltr'>circuli</span> <span class='ocrx_word' id='word_1_325' title='bbox 568 4443 616 4515; x_wconf 93' lang='lat' dir='ltr'>ad</span> <span class='ocrx_word' id='word_1_326' title='bbox 644 4443 865 4516; x_wconf 87' lang='lat' dir='ltr'>diametrum</span> <span class='ocrx_word' id='word_1_327' title='bbox 900 4443 980 4541; x_wconf 91' lang='lat' dir='ltr'>ejus</span> <span class='ocrx_word' id='word_1_328' title='bbox 1013 4441 1068 4541; x_wconf 91' lang='lat' dir='ltr'>(ut</span> <span class='ocrx_word' id='word_1_329' title='bbox 1100 4441 1277 4515; x_wconf 93' lang='lat' dir='ltr'>indicavit</span> <span class='ocrx_word' id='word_1_330' title='bbox 1306 4441 1418 4515; x_wconf 89' lang='lat' dir='ltr'>etiam</span> <span class='ocrx_word' id='word_1_331' title='bbox 1449 4443 1661 4547; x_wconf 79' lang='lat' dir='ltr'>Hugenius)</span> 
     </span>
     <span class='ocr_line' id='line_1_36' title="bbox 208 4555 1663 4657; baseline 0 -22"><span class='ocrx_word' id='word_1_332' title='bbox 208 4562 368 4657; x_wconf 91' lang='lat' dir='ltr'>ideoque</span> <span class='ocrx_word' id='word_1_333' title='bbox 399 4577 456 4634; x_wconf 88' lang='lat' dir='ltr'>est</span> <span class='ocrx_word' id='word_1_334' title='bbox 481 4560 620 4655; x_wconf 92' lang='lat' dir='ltr'>pedum</span> <span class='ocrx_word' id='word_1_335' title='bbox 649 4559 909 4634; x_wconf 89' lang='lat' dir='ltr'>Parisiensium</span> <span class='ocrx_word' id='word_1_336' title='bbox 942 4580 983 4654; x_wconf 81' lang='lat'>15</span> <span class='ocrx_word' id='word_1_337' title='bbox 1011 4559 1084 4657; x_wconf 88' lang='lat' dir='ltr'>dig.</span> <span class='ocrx_word' id='word_1_338' title='bbox 1119 4583 1131 4630; x_wconf 95' lang='lat'>1</span> <span class='ocrx_word' id='word_1_339' title='bbox 1163 4555 1223 4631; x_wconf 89' lang='lat' dir='ltr'>lin.</span> <span class='ocrx_word' id='word_1_340' title='bbox 1258 4556 1306 4634; x_wconf 74' lang='lat' dir='ltr'>tl.</span> <span class='ocrx_word' id='word_1_341' title='bbox 1388 4557 1441 4631; x_wconf 86' lang='lat' dir='ltr'>Et</span> <span class='ocrx_word' id='word_1_342' title='bbox 1465 4574 1663 4656; x_wconf 87' lang='lat' dir='ltr'>propterea</span> 
     </span>
     <span class='ocr_line' id='line_1_37' title="bbox 208 4674 1662 4773; baseline 0.001 -22"><span class='ocrx_word' id='word_1_343' title='bbox 208 4678 266 4751; x_wconf 89' lang='lat' dir='ltr'>vis</span> <span class='ocrx_word' id='word_1_344' title='bbox 296 4702 371 4773; x_wconf 91' lang='lat' dir='ltr'>qua</span> <span class='ocrx_word' id='word_1_345' title='bbox 400 4675 487 4749; x_wconf 91' lang='lat' dir='ltr'>luna</span> <span class='ocrx_word' id='word_1_346' title='bbox 522 4677 558 4748; x_wconf 95' lang='lat' dir='ltr'>in</span> <span class='ocrx_word' id='word_1_347' title='bbox 593 4676 683 4749; x_wconf 90' lang='lat' dir='ltr'>orbe</span> <span class='ocrx_word' id='word_1_348' title='bbox 718 4702 786 4750; x_wconf 90' lang='lat' dir='ltr'>suo</span> <span class='ocrx_word' id='word_1_349' title='bbox 817 4677 1002 4761; x_wconf 91' lang='lat' dir='ltr'>retinetur,</span> <span class='ocrx_word' id='word_1_350' title='bbox 1029 4675 1060 4749; x_wconf 91' lang='lat' dir='ltr'>si</span> <span class='ocrx_word' id='word_1_351' title='bbox 1089 4674 1336 4749; x_wconf 91' lang='lat' dir='ltr'>descendatur</span> <span class='ocrx_word' id='word_1_352' title='bbox 1365 4674 1402 4747; x_wconf 93' lang='lat' dir='ltr'>in</span> <span class='ocrx_word' id='word_1_353' title='bbox 1430 4675 1662 4772; x_wconf 88' lang='lat' dir='ltr'>superficiem</span> 
     </span>
     <span class='ocr_line' id='line_1_38' title="bbox 213 4790 1656 4891; baseline -0.001 -23"><span class='ocrx_word' id='word_1_354' title='bbox 213 4811 332 4886; x_wconf 83' lang='lat' dir='ltr'>terrae,</span> <span class='ocrx_word' id='word_1_355' title='bbox 364 4791 516 4890; x_wconf 83' lang='lat' dir='ltr'>aequalis</span> <span class='ocrx_word' id='word_1_356' title='bbox 540 4793 667 4867; x_wconf 90' lang='lat' dir='ltr'>evadit</span> <span class='ocrx_word' id='word_1_357' title='bbox 697 4794 733 4866; x_wconf 91' lang='lat' dir='ltr'>vi</span> <span class='ocrx_word' id='word_1_358' title='bbox 764 4792 956 4888; x_wconf 85' lang='lat' dir='ltr'>gravitatis</span> <span class='ocrx_word' id='word_1_359' title='bbox 994 4791 1094 4888; x_wconf 90' lang='lat' dir='ltr'>apud</span> <span class='ocrx_word' id='word_1_360' title='bbox 1123 4816 1200 4878; x_wconf 95' lang='lat' dir='ltr'>nos,</span> <span class='ocrx_word' id='word_1_361' title='bbox 1230 4790 1389 4887; x_wconf 90' lang='lat' dir='ltr'>ideoque</span> <span class='ocrx_word' id='word_1_362' title='bbox 1422 4790 1504 4889; x_wconf 81' lang='lat' dir='ltr'>(per</span> <span class='ocrx_word' id='word_1_363' title='bbox 1532 4818 1607 4891; x_wconf 91' lang='lat' dir='ltr'>reg.</span> <span class='ocrx_word' id='word_1_364' title='bbox 1643 4819 1656 4867; x_wconf 92' lang='lat'>1</span> 
     </span>
    </p>
   </div>
   <div class='ocr_carea' id='block_1_3' title="bbox 0 0 2062 5782">
    <p class='ocr_par' dir='ltr' id='par_1_3' title="bbox 0 0 2062 5782">
     <span class='ocr_line' id='line_1_39' title="bbox 0 0 2062 5782; baseline 0 0"><span class='ocrx_word' id='word_1_365' title='bbox 0 0 2062 5782; x_wconf 95' lang='lat' dir='ltr'> </span> 
     </span>
    </p>
   </div>
  </div>
 </body>
</html>
