4088 5768
849 494 991 556 LIBER
1011 496 1195 557 PRIMUS.
1683 517 1750 590 153

363 687 588 763 Oscillentur
609 691 689 788 jam
716 690 961 788 funipendula
986 717 1141 787 corpora
1167 692 1204 764 in
1231 691 1456 789 cycloidibus
1481 691 1639 766 diversis
1658 693 1754 766 intra

290 807 424 907 globos
441 810 619 895 diversos,
639 834 796 905 quorum
814 810 972 883 diversae
990 825 1077 883 sunt
1093 810 1206 883 etiarn
1223 811 1322 884 vires
1339 808 1528 897 absolutae,
1543 811 1752 905 descriptis:

293 926 339 1012 81,
368 928 400 1000 si
427 927 485 999 vis
516 925 685 1000 absoluta
710 925 811 1025 globi
838 927 1000 1025 cujusvis
1027 926 1161 1017 QOS
1188 925 1331 1000 dicatur
1357 927 1403 1015 V,
1430 928 1488 1000 vis
1515 925 1752 1000 acceleratrix

292 1070 368 1140 qua
401 1041 604 1141 pendulum
639 1059 792 1140 urgetur
825 1045 862 1117 in
903 1043 1196 1117 circumferentia
1237 1044 1347 1141 hujus
1381 1041 1492 1141 globi,
1528 1043 1590 1115 ubi
1626 1043 1754 1139 incipit

291 1160 431 1234 directe
449 1185 579 1232 versus
597 1175 763 1232 centrum
789 1161 870 1257 ejus
896 1161 1047 1248 moveri,
1066 1161 1136 1233 erit
1161 1175 1203 1232 ut
1228 1159 1402 1233 distantia
1419 1161 1582 1256 corporis
1600 1158 1752 1257 penduli

290 1302 314 1348 a
342 1292 467 1349 centro
496 1274 557 1349 illo
586 1274 622 1348 81
648 1276 706 1348 vis
734 1275 904 1350 absoluta
929 1275 1031 1375 globi
1060 1278 1291 1375 conjunctim,
1320 1277 1391 1351 hoc
1418 1293 1476 1350 est
1503 1292 1544 1350 ut
1572 1277 1607 1348 C
1611 1277 1750 1356 oxv.

293 1393 426 1489 ltaque
460 1390 595 1466 lineola
628 1391 680 1464 H
691 1393 734 1478 V,
770 1418 854 1489 quae
889 1395 938 1466 sit
979 1410 1023 1467 ut
1065 1394 1145 1468 haec
1187 1394 1245 1466 vis
1287 1392 1524 1468 acceleratrix
1571 1394 1606 1467 C
1618 1394 1750 1481 O><V‚

289 1511 520 1584 describetur
537 1510 626 1583 dato
644 1524 831 1605 tempore;
860 1511 904 1597 u,
924 1512 954 1584 si
973 1512 1135 1609 erigatur
1153 1509 1326 1584 normalis
1350 1512 1390 1583 Y
1396 1513 1433 1583 Z
1448 1509 1751 1584 circumferentiae

290 1654 488 1703 occurrens
515 1629 551 1700 in
577 1629 621 1712 Z,
648 1653 754 1699 arcus
783 1653 937 1702 nascens
967 1631 1019 1702 H
1026 1632 1063 1702 Z
1091 1629 1283 1702 denotabit
1310 1629 1439 1701 datum
1470 1627 1559 1701 illud
1594 1644 1749 1723 tempus

291 1746 367 1818 Est
384 1761 507 1819 autem
527 1770 632 1817 arcus
652 1744 710 1816 hic
729 1769 884 1818 nascens
908 1747 960 1818 H
963 1748 1001 1817 Z
1026 1747 1062 1817 in
1093 1744 1352 1841 supduplicata
1380 1747 1521 1820 ratione
1548 1743 1750 1843 rectanguli

294 1863 396 1936 GH
409 1864 452 1949 Υ,
481 1863 640 1958 ideoque
655 1875 696 1932 ut
720 1846 1092 1951 ,J'G‘H‘UW
1164 1862 1279 1934 Unde
1322 1878 1470 1959 tempus
1513 1861 1751 1936 oscillationis

289 1979 445 2078 integrae
481 1980 517 2051 in
552 1976 719 2074 cycloide
755 1975 886 2066 QRS
928 1974 1026 2074 (curn
1070 1979 1118 2050 sit
1156 1993 1198 2051 ut
1232 1979 1536 2076 semiperipheria
1576 1979 1629 2052 H
1635 1981 1684 2051 K
1690 1980 1750 2066 M,

289 2121 376 2192 quae
394 2094 660 2170 oscillationem
679 2091 777 2165 illam
804 2093 986 2190 integram
1011 2093 1175 2184 denotat,
1203 2094 1365 2184 directe;
1392 2112 1507 2193 utque
1525 2121 1631 2170 arcus
1649 2096 1701 2169 H
1704 2096 1749 2183 Z,

290 2213 354 2308 qui
383 2213 512 2285 datum
541 2227 686 2306 tempus
715 2207 883 2282 similiter
909 2210 1072 2297 denotat,
1101 2210 1261 2310 inverse)
1290 2212 1355 2285 fiet
1371 2227 1413 2285 ut
1436 2214 1536 2286 GH
1556 2213 1696 2286 directe
1714 2212 1751 2285 &

339 2314 504 2321 —..--.——-
508 2313 654 2320 ...v-——m

298 2326 382 2420 ,JG
392 2327 443 2399 H
451 2326 526 2399 xC
536 2326 657 2398 0><V
694 2325 849 2411 inverse,
885 2326 956 2400 hoc
998 2342 1064 2414 est,
1099 2327 1149 2400 ob
1183 2327 1346 2425 aequales
1393 2328 1491 2401 GH
1528 2328 1564 2403 81
1598 2330 1691 2416 SR,
1710 2343 1751 2404 ut

392 2444 473 2516 SR
582 2506 589 2523 ,
1288 2445 1329 2517 Α
1342 2446 1383 2518 R
1710 2512 1717 2527 ⁸

298 2508 532 2641 ‘sm’
559 2532 640 2581 ⁵¹Ve
670 2506 752 2605 (Pes
776 2505 884 2580 ⁰0s01·
915 2532 1018 2604 pr0p·
1048 2506 1085 2605 L)
1117 2523 1159 2581 Ut
1195 2506 1279 2639 »JA
1300 2568 1450 2640 CXV.
1490 2509 1626 2606 Itaque
1643 2509 1749 2585 oscil-

290 2668 447 2743 lationes
474 2667 510 2738 in
538 2663 660 2764 globis
688 2665 724 2739 &
750 2664 974 2761 cycloidibus
999 2667 1180 2754 omnibus,
1200 2667 1479 2764 quibuscunque
1500 2694 1584 2742 cum
1610 2671 1749 2744 viribus

291 2782 471 2860 absolutis
488 2783 605 2870 sactae,
624 2798 711 2855 sunt
725 2783 760 2855 in
779 2782 921 2857 ratione
935 2808 1019 2879 quae
1033 2784 1266 2879 componitur
1278 2807 1325 2855 ex
1339 2783 1596 2880 subduplicata
1607 2787 1750 2860 ratione

290 2901 533 3001 longitudinis
551 2898 601 2973 fili
619 2901 767 2985 directe,
784 2897 1089 2995 &subduplicata
1101 2900 1243 2973 ratione
1257 2901 1442 2975 distantiae
1461 2903 1557 2976 inter
1572 2919 1749 2999 punctum

291 3015 546 3114 suspensionis
578 3015 614 3089 81
644 3031 811 3089 centrum
845 3012 947 3113 globi
976 3017 1132 3103 inverse,
1168 3016 1205 3089 &
1232 3015 1488 3112 subduplicata
1516 3019 1658 3093 ratione
1691 3021 1750 3095 vis

291 3130 473 3207 absolutae
490 3130 592 3230 globi
610 3132 722 3205 etiam
741 3132 895 3205 inverse.
950 3132 993 3222 Q.
1005 3134 1054 3207 E.
1071 3135 1104 3207 l.

362 3251 481 3325 Corol.
521 3274 548 3355 ¹:
590 3249 691 3322 Hinc
721 3250 834 3322 etiarn
869 3248 1124 3339 oscillantium,
1160 3249 1372 3323 cadentium
1407 3250 1444 3323 8ι
1477 3249 1749 3326 revolventium

293 3394 490 3465 corporum
522 3383 690 3462 tempora
719 3383 876 3462 possunt
906 3367 1002 3440 inter
1035 3393 1076 3441 se
1111 3367 1275 3441 conferri.
1349 3367 1451 3440 Nam
1481 3369 1511 3441 si
1542 3385 1643 3455 rotae,
1675 3394 1751 3465 qua

291 3483 429 3584 cyclois
472 3485 568 3556 intra
608 3480 763 3581 globum
806 3483 1035 3571 describitur,
1087 3483 1268 3557 diameter
1309 3483 1555 3557 constituatur
1596 3482 1750 3580 aequalis

290 3602 567 3677 semidiametro
601 3598 702 3698 globi
737 3598 872 3696 cyclois
906 3600 1043 3673 evadet
1075 3598 1174 3674 linea
1206 3614 1306 3673 recta
1348 3625 1416 3696 per
1449 3617 1614 3674 centrum
1648 3598 1750 3698 globi

291 3720 485 3804 transiens,
505 3716 542 3791 8r
568 3715 747 3791 oscillatio
767 3718 847 3814 jam
873 3717 943 3789 erit
968 3719 1169 3791 descensus
1197 3716 1234 3789 8ι
1260 3717 1492 3813 subsequens
1519 3742 1694 3790 ascensus
1713 3716 1750 3788 in
1771 3718 1774 3724 ’

291 3837 362 3912 hac
393 3851 502 3909 recta.
559 3832 675 3906 Unde
705 3833 815 3905 datur
842 3849 920 3905 turn
951 3849 1098 3929 tempus
1128 3834 1329 3907 descensus
1359 3832 1516 3908 deloco
1547 3833 1680 3929 quovis
1705 3833 1754 3906 ad

292 3968 472 4041 centrum,
505 3966 584 4023 tum
620 3965 768 4045 tempus
803 3949 888 4022 huic
922 3948 1066 4046 aequale
1101 3976 1176 4047 quo
1219 3975 1352 4044 corpus
1386 3950 1618 4024 uniformiter
1659 3950 1755 4022 circa

291 4085 461 4144 centrum
478 4065 580 4166 globi
598 4066 646 4139 ad
664 4066 877 4139 distantiam
896 4066 1066 4161 quamvis
1084 4064 1313 4140 revolvendo
1330 4092 1456 4139 arcum
1474 4064 1754 4164 quadrantalem

292 4187 479 4261 describit
535 4184 607 4256 Est
634 4184 733 4257 enim
762 4182 832 4255 hoc
859 4197 1006 4278 tempus
1034 4182 1116 4280 (per
1140 4208 1266 4255 casum
1292 4182 1511 4282 secundum)
1540 4183 1588 4256 ad
1607 4198 1754 4278 tempus

291 4347 625 4425 semioscillationis
644 4348 680 4419 in
699 4343 863 4442 cycloide
882 4347 1013 4442 quavis
1033 4347 1161 4437 QRS
1184 4362 1225 4420 ut
1248 4372 1260 4420 1
1284 4345 1332 4420 ad
1358 4285 1525 4480 siff.

363 4526 485 4601 Corol.
518 4549 548 4598 2.
580 4522 682 4595 Hinc
708 4522 821 4595 etiam
842 4537 1101 4596 consectantur
1117 4550 1201 4620 quae
1227 4525 1413 4597 Wrennus
1431 4522 1467 4596 81
1483 4521 1683 4619 Hugem'us
1706 4520 1756 4594 de

292 4640 460 4740 cycloide
491 4638 635 4737 vulgari
670 4639 950 4711 adinvenerunt.
1024 4639 1124 4712 Nam
1159 4641 1190 4712 si
1224 4639 1326 4738 globi
1361 4639 1542 4712 diameter
1575 4653 1757 4736 augeatur

294 4760 330 4832 in
362 4757 573 4831 infinitum:
600 4755 803 4829 mutabitur
827 4755 906 4852 ejus
933 4755 1144 4850 superficies
1170 4756 1350 4853 sphaerica
1377 4757 1413 4829 in
1440 4753 1600 4852 planum,
1623 4755 1756 4850 visque

293 4876 501 4972 centripeta
529 4890 618 4972 aget
644 4871 874 4947 uniformiter
907 4871 1111 4946 secundum
1144 4870 1260 4947 lineas
1294 4873 1379 4947 huic
1413 4870 1524 4968 plano
1559 4868 1754 4966 perpendi-
