4088 5768
843 459 985 519 LIBER
1004 461 1189 521 PRIMUS.
1681 490 1749 556 119
1813 531 1817 538 ,

292 651 425 727 circulo
443 651 687 739 velocitatem,
707 679 781 750 qua
798 679 930 751 corpus
957 656 1004 728 ad
1032 654 1265 729 intervallum
1292 656 1420 730 datum
1435 659 1469 731 S
1483 659 1518 731 G
1543 661 1638 732 circa
1664 685 1748 733 cen-

292 788 388 844 trum
407 769 595 844 Srevolvi
622 786 758 867 posset,
779 798 869 868 cape
899 773 935 845 G
944 776 984 847 A
1015 775 1063 846 ad
1080 774 1100 853 ὲ
1117 775 1158 847 Α
1174 775 1212 847 S.
1281 774 1322 847 Si
1342 776 1434 849 ratio
1453 774 1513 847 illa
1531 792 1589 849 est
1606 778 1748 850 numeri

291 889 420 961 binarii
456 888 504 961 ad
538 890 727 975 unitatem,
755 906 932 986 punctum
958 893 998 964 A
1030 890 1171 964 infinite
1201 891 1323 976 distat,
1353 917 1428 988 quo
1455 918 1542 965 casu
1573 893 1749 989 parabola

291 1007 430 1079 vertice
455 1007 493 1092 S,
513 1033 583 1079 axe
611 1008 701 1091 SG,
729 1006 843 1080 latere
869 1007 1002 1103 quovis
1030 1023 1129 1081 recto
1155 1007 1398 1081 describenda
1424 1025 1489 1082 est.
1547 1011 1665 1083 Patet·
1679 1011 1750 1084 hoc

290 1148 359 1218 per
374 1149 476 1219 prop.
498 1147 627 1216 xxx1v.
681 1124 749 1197 Sin
784 1124 877 1198 ratio
905 1123 965 1198 illa
989 1126 1115 1199 'minor
1140 1123 1199 1198 vel
1231 1126 1348 1222 major
1377 1140 1435 1197 est
1460 1151 1572 1220 quam
1602 1150 1620 1197 2
1647 1126 1695 1198 ad
1719 1151 1748 1211 1,

290 1241 412 1337 priore
430 1267 516 1313 casu
543 1240 706 1329 circulus,
726 1243 929 1338 posteriore
956 1242 1159 1339 hyperbola
1185 1240 1398 1339 rectangula
1427 1269 1539 1339 super
1568 1243 1750 1316 diametro

292 1358 375 1430 SA
395 1358 552 1431 describi
574 1359 695 1433 debet
753 1360 861 1433 Patet
886 1387 953 1456 per
977 1388 1079 1458 prop.
1108 1385 1243 1434 xxxm.
1299 1360 1400 1432 Tum
1426 1377 1552 1434 centro
1580 1360 1748 1447 S,inter·

290 1472 390 1548 vallo
416 1492 588 1572 aequante
614 1476 807 1550 dimidium
838 1476 961 1551 lateris
992 1479 1090 1564 recti,
1110 1478 1338 1550 describatur
1367 1476 1521 1551 circulus
1550 1479 1602 1550 H
1607 1479 1694 1565 kK‚
1713 1478 1750 1550 81

291 1593 341 1665 ad
367 1594 529 1688 corporis
552 1593 812 1668 descendentis
838 1593 898 1668 vel
925 1596 1158 1669 ascendentis
1188 1595 1309 1669 iocum
1342 1595 1386 1681 G,
1419 1594 1455 1667 8z
1485 1595 1606 1668 iocum
1637 1593 1749 1667 alium

295 1711 465 1805 quemvis
504 1711 542 1796 C,
578 1710 767 1808 erigantur
800 1711 1063 1809 perpendicula
1101 1713 1186 1797 Gl,
1225 1712 1260 1786 C
1273 1714 1316 1785 D
1345 1712 1578 1785 occurrentia
1612 1701 1767 1785 conicae'

293 1827 448 1901 sectioni
466 1825 526 1900 vel
544 1825 678 1901 circulo
696 1828 733 1899 in
751 1829 780 1900 I
793 1856 835 1903 ac
853 1831 904 1906 D.
979 1830 1077 1903 Dein
1091 1830 1229 1926 junctis
1258 1828 1292 1901 S
1301 1831 1334 1915 I,
1355 1829 1389 1902 S
1399 1830 1449 1916 D,
1470 1829 1561 1902 fiant
1578 1854 1748 1926 segmen-

295 1945 343 2017 tis
362 1945 470 2017 SEI
472 1946 510 2030 S,
531 1945 607 2017 SE
610 1945 691 2017 DS
714 1962 876 2020 sectores
893 1947 944 2019 H
946 1948 1032 2034 SK,
1051 1947 1102 2019 H
1104 1947 1164 2020 Sk
1188 1945 1361 2043 aequales,
1381 1945 1418 2019 8ι
1435 1972 1503 2042 per
1519 1973 1622 2043 prop.
1644 1969 1752 2019 xxxv

293 2087 426 2157 corpus
447 2062 484 2135 G
499 2062 683 2135 describet
708 2063 869 2159 spatium
900 2064 983 2137 GC
1004 2063 1138 2138 eodem
1169 2078 1336 2159 tempore
1362 2089 1438 2160 quo
1464 2089 1597 2161 corpus
1622 2065 1671 2137 K
1684 2063 1747 2137 de-

294 2179 453 2252 scribere
470 2194 595 2274 potest
611 2205 736 2252 arcum
753 2181 802 2253 K
809 2181 842 2254 k.
900 2181 944 2270 Q.
959 2181 1005 2254 E.
1018 2182 1062 2254 F.

398 2488 772 2564 PROPOSITIO
819 2490 1090 2564 xxxvrn.
1148 2489 1507 2564 THEOREMA
1555 2491 1657 2564 xn.

292 2685 419 2759 Posito
447 2685 546 2783 quod
571 2686 625 2758 vis
653 2687 849 2782 cautupeta
867 2687 1162 2783 proportionalis
1186 2690 1237 2761 sit
1260 2688 1459 2763 altitudini
1479 2716 1540 2764 scu
1565 2689 1753 2762 distantia

344 2804 502 2876 locorum
519 2829 543 2875 a
559 2813 688 2889 centro,
707 2804 784 2876 dico
808 2804 907 2901 quad
926 2804 1130 2877 cadentium
1155 2814 1326 2900 tempora,
1346 2806 1545 2880 velocitates
1568 2805 1753 2902 &spatia

344 2921 521 3018 disrupta
549 2930 639 2994 unt
665 2922 831 3010 arcubus,
858 2947 1081 3018 artuumque
1103 2921 1243 2995 sinibus
1268 2923 1372 2995 rectis
1399 2924 1448 3001 ὅ
1472 2923 1612 2996 stuz'bus
1641 2921 1752 2995 versa

347 3039 532 3134 respective
537 3039 845 3134 proportionalia.

365 3238 487 3311 Cadat
504 3264 636 3335 corpus
654 3239 703 3312 de
726 3236 807 3313 loco
825 3238 958 3335 quovis
975 3238 1016 3310 A
1038 3238 1241 3311 secundum
1292 3262 1316 3307 n

292 3371 432 3428 rectam
460 3356 501 3428 A
518 3356 552 3428 S
560 3358 637 3454 f&
667 3371 794 3430 centro
824 3356 958 3428 virium
990 3355 1024 3428 S
1049 3353 1243 3428 intervallo

292 3474 334 3546 A
352 3474 392 3558 S,
411 3473 640 3547 describatur
656 3473 778 3547 circuli
798 3473 984 3570 quadrans
1000 3475 1042 3546 A
1059 3474 1107 3559 E,
1122 3474 1245 3568 sitque

296 3591 330 3665 C
338 3592 381 3663 D
397 3592 499 3663 sinus
517 3606 637 3664 rectus
655 3609 761 3663 arcus
779 3591 941 3688 cujusvis
959 3591 999 3662 A
1016 3591 1059 3662 D
1071 3620 1085 3674 ,·
1111 3589 1147 3662 &
1165 3615 1243 3664 cor·
1291 3584 1314 3634 ⁶

291 3735 362 3806 pus
380 3710 433 3794 A,
454 3725 620 3805 tempore
639 3710 678 3781 A
695 3709 745 3794 D,
765 3708 933 3781 cadendo
960 3707 1134 3780 describit
1160 3733 1243 3804 spa-

290 3828 383 3899 tium
400 3827 441 3899 A
462 3828 501 3912 C,
521 3826 633 3922 inque
658 3822 740 3899 loco
770 3826 804 3897 C
820 3825 985 3922 acquiret
1010 3821 1244 3898 velocitatem

297 3944 331 4016 C
340 3944 390 4016 D.
405 3939 409 3947 ’

365 4058 651 4131 Demonstratur
664 4057 797 4132 eodem
812 4056 924 4130 modo
937 4081 984 4129 ex
996 4055 1247 4152 propositione
1296 4062 1315 4120 s

295 4199 332 4260 x,
353 4202 427 4271 quo
445 4176 647 4271 propositio
666 4198 776 4247 xxxn
795 4201 841 4247 ex
859 4173 1112 4270 propositione
1131 4196 1172 4245 xl
1190 4171 1444 4244 demonstrata
1461 4169 1537 4242 fuit.

367 4291 483 4363 Caral.
511 4315 537 4364 1.
572 4291 672 4363 Hinc
690 4288 848 4387 aequalia
864 4307 951 4362 sunt
969 4305 1145 4385 tempora,
1165 4288 1300 4384 quibus
1318 4311 1451 4382 corpus
1470 4311 1584 4358 unum
1603 4285 1750 4361 deloco
1769 4384 1771 4387 Ι

291 4409 334 4482 Α
357 4407 525 4480 cadendo
551 4408 721 4503 pervenit
747 4406 794 4479 ad
820 4422 988 4479 centrum
1016 4406 1056 4491 S,
1076 4404 1112 4477 8z
1138 4429 1272 4501 corpus
1303 4400 1402 4474 aliud
1429 4400 1659 4476 revolvendo
1685 4403 1749 4476 de-

292 4527 421 4600 scribit
438 4551 562 4598 arcum
582 4522 862 4622 quadrantalem
879 4524 920 4594 A
934 4523 1034 4595 DE.

364 4645 481 4717 Corol.
506 4667 536 4717 2.
569 4641 730 4715 Proinde
756 4638 912 4737 aequalia
938 4654 1025 4711 sunt
1042 4655 1211 4733 tempora
1236 4637 1362 4710 omnia
1379 4636 1513 4733 quibus
1532 4662 1685 4733 corpora
1703 4638 1751 4712 de

289 4759 381 4834 locis
400 4759 592 4855 quibusvis
618 4758 667 4831 ad
693 4783 811 4854 usque
837 4772 1003 4830 centrum
1030 4754 1173 4829 cadunt
1230 4753 1331 4826 Nam
1358 4751 1626 4827 revolventium
1659 4769 1748 4828 tem-

292 4903 384 4974 pora
401 4876 524 4950 omnia
541 4874 728 4972 periodica
744 4882 824 4972 (per
842 4872 949 4948 corol.
972 4897 1021 4945 111.
1044 4897 1145 4968 prop.
1168 4872 1219 4968 tv)
1239 4887 1441 4968 aequantur.
