4110 5782
706 420 848 480 arnan
872 421 1071 482 renerus.
1544 450 1612 517 411

795 633 989 709 Scholinrn.

215 768 310 842 Cum
338 766 497 865 planetae
532 765 600 841 soli
635 768 825 863 propiores
863 768 1013 866 (nempe
1043 769 1252 856 mercurius
1282 796 1410 858 venus
1444 788 1548 859 terra,
1581 776 1618 849 ἃ

163 887 275 983 mars)
296 888 345 960 ob
373 912 567 982 corporum
596 886 816 981 parvitatem
844 911 974 981 parum
1002 901 1116 983 agant
1140 887 1175 957 in
1205 913 1246 959 se
1274 887 1457 963 invicem:
1487 891 1618 964 horum

163 1004 310 1099 aphelia
344 1005 380 1077 81
415 1005 502 1078 nodi
546 1005 747 1101 quiescent,
785 1004 853 1075 nisi
889 1019 1072 1099 quatenus
1107 1030 1130 1075 a
1163 1005 1302 1076 viribus
1332 1007 1442 1102 joviS,
1479 1010 1618 1083 saturni
1688 1010 1696 1025 '

164 1121 201 1192 ἃ
244 1147 439 1216 corporum
482 1122 713 1216 superiorum
750 1121 951 1193 turbentur.
1032 1120 1084 1192 Et
1118 1121 1204 1194 inde
1239 1121 1360 1219 colligi
1396 1140 1519 1219 potest
1553 1152 1621 1222 per

163 1237 343 1310 theoriam
371 1239 573 1335 gravitatis,
599 1237 701 1333 quod
729 1237 860 1310 horum
888 1235 1035 1331 aphelia
1062 1254 1260 1311 moventur
1286 1238 1553 1335 aliquantulum
1583 1243 1619 1314 in

162 1356 427 1451 consequentia
462 1373 631 1451 respectu
667 1355 833 1440 fixarum,
866 1353 979 1448 idque
1013 1354 1049 1426 in
1083 1355 1325 1449 proportione
1360 1356 1620 1452 sesquiplicata

162 1472 419 1545 distantiarum
450 1472 582 1545 horum
611 1471 841 1567 planetarum
866 1497 888 1542 a
918 1469 1005 1542 sole.
1064 1471 1121 1544 Ut
1148 1471 1178 1543 si
1205 1470 1393 1566 aphelium
1424 1475 1551 1546 martis
1583 1475 1619 1547 in

164 1588 271 1659 annis
301 1603 450 1660 centum
482 1587 651 1660 conficiat
681 1587 740 1682 33'
773 1588 845 1660 2o''
874 1587 910 1659 in
941 1589 1206 1683 consequentia
1242 1604 1410 1684 respectu
1441 1590 1619 1675 fixarum;

163 1703 309 1799 aphelia
328 1721 444 1790 terrae,
464 1705 620 1806 veneriS,
637 1704 673 1776 81
691 1703 858 1777 mercurii
879 1705 914 1775 in
939 1705 1045 1775 annis
1063 1722 1211 1778 centum
1230 1706 1424 1779 conficient
1447 1707 1504 1800 17'
1529 1708 1615 1800 4o'',

171 1820 228 1894 10'
257 1821 337 1914 53''‚
358 1822 393 1895 8r
412 1822 449 1913 4'
472 1820 541 1894 16''
567 1823 783 1917 respective.
851 1820 903 1893 Et
931 1820 968 1893 hi
996 1837 1129 1908 motus,
1162 1823 1211 1896 ob
1242 1825 1475 1919 parvitatem,
1506 1826 1621 1924 negli-

51 2004 58 2014 .
165 1953 304 2035 guntur
321 1939 356 2011 in
376 1939 444 2011 hac
462 1938 723 2036 propositione.

397 2136 770 2212 puorosmro
817 2136 915 2210 xv
974 2109 1310 2209 Puossieun
1358 2138 1389 2211 1.

489 2276 665 2350 Invenire
679 2276 823 2348 orbium
835 2273 1060 2370 principales
1076 2274 1279 2347 diametros.

232 2456 435 2554 Capiendae
453 2473 540 2530 sunt
557 2457 615 2529 hae
635 2457 670 2528 in
699 2455 840 2529 ratione
867 2453 1199 2551 subsesquiplicata
1224 2470 1434 2551 temporum
1460 2456 1618 2552 periodi-

163 2603 298 2663 corum,
327 2603 394 2672 per
427 2602 529 2673 prop.
569 2599 619 2646 xv
649 2574 707 2647 lib.
748 2598 788 2661 1;
820 2573 955 2645 deinde
986 2572 1172 2670 sigillatim
1202 2573 1385 2669 augendae
1416 2573 1622 2646 iuratione

163 2720 319 2766 summae
338 2718 541 2765 massarum
566 2691 653 2765 solis
680 2690 716 2762 81
743 2689 902 2787 planetae
928 2691 1106 2788 cujusque
1134 2687 1358 2771 revolventis
1385 2691 1432 2764 ad
1464 2692 1620 2786 primam

164 2811 320 2883 duarum
351 2811 474 2883 medie
501 2807 830 2906 proportionalium
860 2807 955 2880 inter
988 2832 1171 2880 summam
1200 2806 1300 2880 illam
1329 2807 1365 2880 &
1399 2807 1525 2896 solem,
1550 2833 1619 2904 per

164 2954 267 3024 prop.
289 2951 339 2999 Lx
357 2925 415 3002 lib.
438 2951 465 3000 1.

366 3123 741 3197 PROPOSITIO
787 3123 910 3196 XVI.
967 3120 1302 3196 PROBLEMA
1351 3122 1409 3195 11.

463 3278 636 3350 Invenire
650 3277 793 3350 orbium
810 3276 1080 3349 eccerelricilates
1098 3277 1147 3354 δυ’
1162 3274 1312 3370 epleelia.

235 3457 428 3533 Problema
447 3458 559 3531 confit
576 3483 643 3553 per
660 3483 761 3553 prop.
783 3480 877 3528 xv111
896 3454 955 3530 lib.
983 3481 1009 3530 1.

324 3672 697 3747 PROPOSITIO
744 3672 897 3745 XVII.
953 3670 1312 3744 THEOREMA
1360 3669 1456 3744 XV.

162 3828 409 3898 Planetarune
442 3833 560 3896 molus
592 3823 744 3894 diurnos
779 3821 980 3916 uniformes
1008 3847 1085 3908 esse,
1115 3821 1422 3899 &librationem
1450 3820 1549 3893 lnnoe
1576 3846 1620 3894 ee

640 3939 754 4033 ipsius
771 3949 870 4011 motu
887 3938 1024 4011 diurno
1041 3939 1145 4012 oriri.

233 4123 340 4195 Patet
368 4147 435 4217 per
468 4135 591 4194 motus
618 4119 740 4217 legem
773 4143 801 4204 1,
821 4119 857 4191 81
887 4116 995 4191 corol.
1018 4143 1062 4190 22
1083 4144 1185 4214 prop.
1207 4140 1295 4190 var
1313 4116 1373 4190 lib.
1401 4142 1427 4193 1.
1472 4116 1619 4212 Jupiter

164 4241 292 4336 utique
327 4257 495 4335 respectu
532 4237 687 4309 fixarum
723 4235 926 4310 revolvitur
952 4235 1051 4308 horis
1078 4261 1101 4327 9
1130 4236 1200 4329 56¹,
1220 4260 1318 4307 mars
1344 4234 1444 4307 horis
1473 4258 1520 4325 24
1547 4233 1616 4327 39',

166 4383 286 4429 venus
314 4356 414 4429 horis
446 4380 490 4449 23
521 4355 672 4440 circiter,
705 4370 802 4427 terra
830 4353 929 4428 horis
961 4378 978 4424 2
986 4378 1006 4446 3
1036 4352 1104 4446 56',
1127 4351 1181 4425 sol
1210 4352 1342 4425 diebus
1372 4377 1390 4424 2
1398 4351 1440 4445 5}
1468 4351 1505 4424 &
1532 4350 1619 4423 luna

164 4475 295 4547 diebus
317 4495 362 4566 27
381 4473 459 4545 hor.¹
479 4494 508 4565 7.
529 4471 600 4565 43'.
659 4471 755 4544 Haec
785 4471 835 4543 ita
862 4497 903 4544 se
932 4469 1068 4543 habere
1099 4495 1146 4543 ex
1173 4470 1427 4566 phaenomenis
1446 4469 1617 4542 manifes-

166 4607 242 4662 tum
262 4608 326 4663 est.
385 4587 544 4661 Maculae
574 4589 609 4660 in
637 4614 791 4684 corpore
817 4587 905 4661 solis
931 4587 979 4660 ad
1008 4588 1169 4660 eundem
1200 4588 1311 4660 situm
1338 4588 1375 4660 in
1402 4587 1505 4660 disco
1531 4586 1619 4660 solis

166 4708 324 4781 redeunt
351 4707 483 4779 diebus
514 4704 581 4798 27}
599 4706 750 4792 circiter,
780 4721 949 4800 respectu
978 4719 1106 4792 terrae;
1145 4703 1304 4800 ideoque
1332 4720 1499 4800 respectu
1529 4704 1618 4776 fixa-

152 4843 246 4896 ·rum
274 4823 329 4897 sol
360 4822 562 4897 revolvitur
591 4822 723 4895 diebus
755 4847 774 4894 2
781 4822 824 4916 5⁷¹1
852 4822 1002 4896 circiter.
1059 4820 1248 4917 Quoniam
1279 4845 1369 4894 vero
1398 4806 1496 4894 lunae
1527 4821 1621 4894 circa
