4088 5768
843 388 984 446 uranx
1004 387 1188 448 paruos.
1391 351 1392 354 Ὺ
1700 416 1747 485 43

291 583 508 684 composita)
528 609 602 681 qua
627 608 760 680 corpus
786 583 887 678 prius
908 584 944 656 L
973 598 1133 682 urgetur,
1160 583 1387 657 subducatur
1406 583 1489 683 (per
1507 584 1606 659 idem
1624 585 1749 685 legum

291 700 536 799 corollarium)
581 693 639 774 vis
687 716 765 774 tota
802 697 1047 786 acceleratrix‚
1087 725 1163 796 qua
1199 725 1333 797 corpus
1376 700 1532 775 alterum
1573 719 1749 801 urgetur:

290 821 348 892 vis
373 818 493 892 omnis
512 814 661 913 reliqua,
681 842 756 913 qua
773 841 908 912 corpus
924 816 1026 912 prius
1043 833 1204 916 urgetur,
1223 820 1352 894 tendet
1369 820 1418 894 ad
1439 846 1573 918 corpus
1594 820 1750 896 alterum

297 937 335 1008 T
346 952 386 1008 ut
404 950 580 1008 centrum.
926 1019 932 1026 ³

358 1052 476 1125 Corol.
500 1075 530 1124 2.
562 1051 623 1137 Et„
642 1050 673 1123 si
699 1075 796 1124 areae
823 1048 894 1123 illae
920 1067 1007 1125 sunt
1032 1052 1260 1147 temporibus
1287 1055 1570 1151 quamproxime
1595 1082 1748 1153 propor-

290 1165 453 1255 tionales,
472 1169 530 1241 vis
548 1166 688 1264 reliqua
705 1168 834 1241 tendet
850 1167 898 1240 ad
918 1193 1050 1263 corpus
1067 1167 1224 1242 alterum
1250 1170 1288 1241 T
1299 1173 1592 1267 quamproxime.
1701 1214 1704 1220 ,

359 1286 476 1359 Corol.
500 1309 531 1378 3.
563 1284 616 1357 Et
645 1285 725 1358 vice
756 1311 873 1370 versa,
904 1286 935 1358 si
965 1286 1024 1358 vis
1054 1285 1196 1382 reliqua
1230 1288 1350 1360 tendit
1383 1289 1667 1385 quamproxime
1701 1289 1751 1363 ad

290 1428 423 1498 corpus
440 1401 596 1475 alterurn
622 1401 790 1488 T,erunt
814 1427 911 1475 areae
937 1400 1008 1476 illae
1036 1403 1265 1500 temporibus
1289 1406 1572 1500 quamproxime
1597 1430 1750 1502 propor-

291 1517 456 1592 tionales,

361 1637 477 1710 Corol.
499 1660 532 1727 4.
561 1634 603 1707 Si
630 1660 763 1730 corpus
789 1637 825 1709 L
853 1637 956 1709 radio
980 1636 1028 1710 ad
1049 1635 1205 1711 alterum
1231 1660 1365 1732 corpus
1390 1637 1428 1710 Τ
1443 1637 1555 1711 ducto
1577 1637 1753 1712 describit

290 1780 404 1839 areas,
424 1779 508 1850 quae
526 1778 610 1826 cum
637 1753 866 1849 temporibus
892 1750 1035 1827 collatae
1061 1769 1149 1826 sunt
1173 1752 1283 1826 valde
1311 1751 1532 1849 inaequales;
1561 1755 1598 1828 81
1619 1781 1752 1852 corpus

291 1870 380 1945 illud
406 1869 563 1944 alterum
597 1870 635 1942 T
655 1867 716 1943 vel
743 1870 908 1967 quiescit,
935 1870 995 1944 vel
1027 1886 1199 1945 movetur
1225 1870 1455 1944 uniformiter
1481 1872 1517 1943 in
1544 1872 1751 1947 directum:

291 1989 387 2062 actio
404 1989 461 2060 vis
479 1987 692 2083 centripetae
711 1987 758 2060 ad
782 2012 916 2083 corpus
938 1986 1029 2062 illud
1054 1987 1211 2062 alterum
1236 1989 1275 2061 T
1286 1989 1472 2062 tendentis
1490 1981 1549 2062 vel
1568 1987 1668 2062 nulla
1685 2005 1751 2076 est,

291 2105 351 2180 vel
386 2106 561 2178 miscetur
595 2104 631 2177 81
665 2106 898 2200 componitur
938 2131 1022 2179 cum
1060 2106 1266 2180 actionibus
1301 2107 1503 2181 admodum
1538 2107 1752 2204 potentibus

291 2221 444 2296 aliarum
483 2221 643 2295 virium:
685 2223 818 2318 visque
859 2237 937 2296 tota
978 2249 1025 2296 ex
1059 2222 1241 2308 omnibus
1276 2223 1308 2294 si
1349 2220 1472 2319 plures
1514 2239 1601 2297 sunt
1640 2224 1751 2314 vires,

291 2340 497 2435 composita
522 2339 570 2412 ad
601 2338 701 2412 aliud
734 2337 829 2436 (sive
865 2338 1053 2413 immobile
1083 2339 1163 2411 sive
1190 2337 1340 2437 mobile)
1373 2354 1540 2412 centrum
1571 2339 1749 2437 dirigitur.

294 2456 401 2529 Idem
419 2453 571 2543 obtinet,
590 2455 652 2528 ubi
679 2481 811 2551 corpus
837 2453 994 2530 alterum
1012 2471 1114 2529 motu
1133 2479 1356 2551 quocunque
1374 2469 1564 2540 movetur;
1591 2456 1622 2527 si
1640 2456 1753 2529 modo

291 2574 350 2647 vis
377 2575 580 2669 centripeta
605 2586 781 2661 sumatur,
809 2598 894 2669 quae
921 2589 1036 2647 restat
1060 2588 1146 2671 post
1175 2572 1458 2646 subductionem
1489 2570 1546 2645 vis
1572 2571 1687 2646 totius
1714 2573 1751 2645 in

293 2717 427 2788 corpus
446 2689 535 2763 illud
554 2687 714 2790 alterum
736 2690 774 2761 T
785 2689 938 2788 agentis.

924 2905 1120 2980 Scholium.

363 3086 551 3180 Quoniam
582 3081 786 3182 aequabilus
820 3110 988 3158 arearum
1018 3085 1218 3183 descriptio
1249 3086 1361 3159 index
1395 3100 1454 3159 est
1487 3086 1612 3171 centri,
1649 3084 1751 3182 quod

294 3207 352 3280 vis
382 3203 443 3277 illa
473 3203 630 3300 respicit
661 3228 738 3301 qua
767 3228 900 3298 corpus
931 3203 1092 3277 maxime
1122 3202 1287 3291 afficitur,
1322 3228 1471 3299 quaque
1502 3200 1700 3276 retrahitur
1729 3227 1752 3274 a

295 3337 397 3396 motu
433 3319 631 3406 rectiline0,
668 3318 704 3394 8ι
739 3320 774 3392 in
810 3318 930 3394 orbita
962 3347 1031 3393 sua
1066 3319 1262 3405 retinetur;
1297 3318 1427 3416 quidni
1463 3344 1682 3416 usurpemus
1714 3318 1750 3391 in

294 3438 536 3535 sequentibus
571 3435 797 3533 aequabilem.
825 3462 993 3511 arearum
1028 3438 1313 3535 descriptionem
1348 3453 1390 3510 ut
1428 3435 1586 3510 indicem
1626 3436 1750 3522 centri,

295 3553 430 3628 circum
450 3553 551 3650 quod
570 3570 693 3628 motus
711 3553 831 3626 omnis
849 3554 1032 3629 circularis
1050 3556 1086 3628 in
1105 3555 1233 3652 spatiis
1251 3552 1374 3628 liberis
1393 3551 1610 3652 peragitur?
1701 3629 1703 3632 ,

516 3894 887 3969 PROPOSlTlO
926 3897 1001 3970 lV.
1066 3893 1421 3970 THEOREMA
1461 3893 1535 3966 lV.

300 4078 517 4172 Corporum,
557 4100 638 4172 quoe
675 4075 831 4150 diversos
869 4078 1021 4152 circulos
1059 4077 1230 4175 aequabili
1267 4082 1367 4148 motu
1406 4070 1622 4156 describunt,
1661 4070 1757 4143 vires

347 4213 560 4306 cmtrzpelas
584 4209 638 4282 ad
649 4218 773 4282 centra
792 4212 983 4286 eorundem
1003 4213 1226 4286 circulorum
1244 4208 1384 4281 tendere
1395 4238 1410 4292 ,·
1437 4207 1486 4284 &³
1501 4229 1569 4278 csse
1588 4203 1689 4275 inter
1711 4227 1754 4291 se,

350 4353 392 4416 ut
419 4354 509 4419 sunt
535 4352 691 4417 arcuum
720 4344 836 4419 stinul
860 4346 1119 4443 descrzsptorum
1144 4342 1330 4454 quadrata
1355 4338 1539 4449 applicata
1567 4335 1621 4408 ad
1642 4333 1754 4408 circu-

351 4483 472 4553 lorum
490 4478 623 4552 radzbs.

369 4678 551 4752 Tendunt
577 4674 636 4748 hae
662 4675 759 4749 vires
785 4675 833 4748 ad
860 4691 986 4750 centra
1011 4671 1228 4748 circulorum
1252 4693 1318 4766 per
1336 4693 1438 4764 prop.
1465 4692 1517 4739 11.
1540 4661 1701 4740 &corol
1725 4686 1755 4733 2.

302 4821 403 4891 prop.
444 4821 470 4869 1.
503 4792 540 4866 81
569 4809 656 4866 sunt
686 4792 781 4865 inter
810 4818 850 4866 se
885 4807 926 4864 ut
959 4815 1110 4865 arcuum
1145 4785 1350 4883 aequalibus
1384 4784 1612 4881 temporibus
1647 4802 1758 4874 quarn
