4110 5782
304 478 372 546 114
780 452 847 509 aa
867 451 1004 512 nara
1024 450 1201 512 carpor
1208 451 1280 510 aar

419 708 792 784 PROPOSITIO
847 708 1081 781 XXXIII.
1155 706 1510 779 THEOREMA
1558 708 1638 782 IX.

297 893 436 968 Positis
440 891 529 988 jam
546 889 711 978 inventis,
730 888 808 961 de'ea
824 889 923 984 quad
935 889 1095 984 carparis
1110 887 1268 960 cadentz's
1284 887 1448 960 velocitas
1472 889 1513 960 in
1541 889 1612 961 laea
1628 889 1755 985 qenais

350 1011 381 1084 C
411 1018 463 1082 est
489 1008 542 1080 aa'
572 1006 788 1080 velocitatem
822 1006 982 1101 carparis
1014 1012 1133 1077 centra
1171 1005 1200 1075 B
1236 1005 1429 1077 intervalla
1466 1005 1539 1079 BC
1574 1007 1753 1080 circulum

347 1124 584 1213 describentis,
610 1123 652 1196 in
677 1123 930 1220 subduplicata
956 1123 1099 1194 tatiane
1122 1147 1233 1218 qnam
1260 1121 1297 1193 A
1312 1122 1354 1210 C,
1381 1123 1560 1196 distantia
1594 1126 1754 1221 carparis

347 1270 372 1316 a
401 1241 534 1315 circuli
561 1242 620 1314 vel
643 1240 844 1336 hyperbolae
876 1240 1096 1335 rectangnlee
1128 1239 1256 1311 vertice
1284 1240 1458 1312 alternare
1487 1240 1536 1331 A,
1568 1233 1673 1314 habet
1704 1242 1760 1315 ad

337 1358 481 1456 figura
495 1356 801 1430 semidiametrnm
809 1355 1055 1451 principalem
1071 1353 1140 1432 {A
1157 1354 1196 1427 B.

246 1504 249 1509 <
348 1544 559 1616 Bisecetur
589 1542 629 1614 A
646 1542 694 1627 B,
722 1539 927 1615 communis
958 1541 1148 1635 utriusque
1179 1539 1306 1637 figurae
1333 1543 1373 1614 R
1383 1543 1477 1628 PB,
1504 1544 1598 1615 DE
1605 1545 1645 1617 B
1674 1543 1752 1617 dia-

298 1678 424 1746 meter,
444 1661 480 1732 in
501 1661 560 1745 0,·
586 1658 623 1732 8:
648 1674 780 1757 agatur
805 1673 905 1731 recta
930 1659 967 1729 P
985 1659 1025 1742 T,
1044 1683 1129 1752 quae
1156 1673 1285 1754 tangat
1310 1657 1466 1755 figuram
1493 1659 1629 1730 RPB
1650 1660 1687 1732 in
1704 1660 1752 1747 P,

298 1794 411 1875 atque
440 1777 552 1849 etiam
587 1793 688 1850 secet
722 1799 955 1851 communem
983 1773 1081 1847 illam
1117 1774 1337 1848 diametrum
1372 1776 1413 1847 Α
1427 1776 1466 1847 Β
1495 1776 1539 1873 (si
1574 1803 1668 1873 opus
1695 1793 1753 1852 est

293 4398 524 4497 productam)
557 4402 592 4474 in
632 4404 688 4488 T‚·
723 4401 846 4498 sitque
881 4402 915 4473 S
928 4403 967 4473 Y
991 4403 1038 4475 ad
1070 4403 1164 4475 hanc
1200 4414 1347 4482 rectam,
1381 4395 1417 4468 82
1450 4394 1537 4484 BQ
1572 4395 1621 4467 ad
1657 4395 1758 4470 hanc

292 4515 513 4588 diametrum
532 4517 855 4615 perpendicularis
875 4532 987 4614 atque
1006 4519 1133 4616 figurae
1151 4520 1191 4591 R
1204 4501 1242 4590 P
1253 4517 1292 4589 B
1318 4512 1413 4587 latus
1433 4527 1574 4586 rectum
1594 4529 1760 4608 ponatur

296 4628 337 4702 L.
408 4630 565 4704 Constat
590 4659 658 4729 per
682 4632 791 4708 corol.
813 4657 863 4707 1x.
886 4659 986 4729 prop.
1007 4657 1082 4709 xvi.
1112 4635 1212 4730 quod
1239 4631 1402 4727 corporis
1431 4630 1466 4702 in
1494 4628 1594 4702 linea
1616 4630 1760 4703 RPB

291 4743 387 4816 circa
404 4762 569 4818 centrum
589 4749 623 4818 S
636 4749 820 4822 moventis
835 4747 1011 4822 velocitas
1032 4750 1067 4821 in
1086 4747 1166 4823 loco
1185 4749 1317 4844 quovis
1336 4748 1374 4819 P
1390 4748 1439 4819 sit
1452 4746 1499 4819 ad
1515 4746 1757 4822 velocitatem

292 4861 455 4955 corporis
483 4860 675 4935 intervallo
701 4865 780 4934 SP
805 4865 900 4935 circa
927 4865 1024 4935 idem
1051 4881 1216 4937 centrum
1244 4861 1419 4937 circulum
1445 4864 1695 4937 describentis
1719 4864 1759 4937 in
