4088 5768
711 368 853 427 rronn
877 368 1077 428 rannus.
1264 361 1270 374 “
1544 390 1617 463 453

161 574 181 604 ‘⁴
197 581 256 638 tur
282 565 330 637 ad
355 590 464 638 axem
486 564 663 661 majorem
690 561 1003 660 perpendicularis
1020 565 1060 636 B
1074 563 1119 654 G,
1139 591 1223 662 quae
1242 565 1414 662 utrinque
1438 566 1617 662 producta

161 688 183 720 “
197 699 363 755 occurrat
382 680 515 755 circulo
534 683 570 754 in
589 682 734 777 punctis
752 683 793 753 F
806 681 841 753 ἃ
857 681 902 776 f,·
930 681 966 754 &
992 682 1167 778 quoniam
1185 683 1346 778 spatium
1370 684 1410 754 A
1427 683 1533 754 Bba
1561 699 1619 757 est

162 799 244 870 “ad
271 815 452 871 sectorem
490 799 529 871 T
538 800 578 871 B
595 800 614 871 b
649 815 690 870 ut
720 796 975 895 rectangulum
1005 799 1046 869 A
1066 799 1105 870 B
1121 800 1149 885 β
1182 799 1230 871 ad
1264 800 1304 871 B
1328 800 1366 870 T
1394 800 1616 895 quadratum

160 925 180 952 “
198 915 465 1013 (rectangulum
487 916 586 988 enim
608 914 696 988 illud
722 931 891 1012 aequatur
914 915 1132 989 differentia
1156 917 1420 1013 quadratorum
1448 944 1494 990 ex
1530 920 1612 991 TA

160 1034 179 1068 “
195 1030 231 1102 81
256 1033 336 1103 ΤΒ
362 1033 410 1104 ob
429 1048 566 1105 rectam
593 1033 678 1118 Αβ
699 1031 891 1129 aequaliter
914 1033 950 1105 8ι
972 1033 1202 1130 inaequaliter
1219 1049 1357 1106 sectam
1377 1034 1413 1105 in
1448 1033 1534 1106 T&
1550 1033 1614 1130 B),

160 1154 273 1225 “haec
303 1154 414 1251 igitur
443 1154 538 1226 ratio
567 1153 630 1224 ubi
657 1154 817 1248 spatium
844 1152 884 1224 A
899 1153 938 1224 B
948 1154 1001 1225 ba
1032 1153 1234 1225 maximum
1261 1168 1318 1224 est
1349 1152 1384 1223 in
1414 1152 1461 1222 K
1483 1151 1615 1224 eadem

159 1282 177 1308 “
192 1272 261 1343 erit
278 1296 321 1343 ac
340 1271 432 1343 ratio
451 1268 654 1368 rectanguli
678 1270 726 1341 K
735 1270 787 1342 H
792 1271 847 1341 M
865 1269 914 1341 ad
941 1270 993 1342 H
1007 1271 1046 1341 T
1065 1270 1296 1366 quadratum.
1348 1269 1426 1341 Sed
1454 1270 1615 1342 maxima

160 1387 282 1460 “nodi
313 1385 508 1459 mediocris
536 1384 712 1458 velocitas
739 1399 818 1457 erat
848 1385 896 1456 ad
922 1384 1009 1458 solis
1038 1385 1272 1459 velocitatem
1304 1385 1340 1457 in
1367 1386 1436 1456 hac
1463 1386 1612 1461 ratione.

159 1505 314 1602 “Igitur
339 1504 376 1575 in
403 1502 636 1599 quadraturis
662 1518 783 1574 sector
810 1502 850 1574 A
872 1503 910 1573 T
913 1528 937 1573 a
965 1502 1143 1575 dividitur
1160 1504 1196 1574 in
1215 1518 1338 1599 partes
1356 1501 1614 1574 velocitatibus

159 1618 495 1716 “proportionales
544 1619 597 1692 Et
615 1618 789 1714 quoniam
812 1634 971 1715 rectang.
992 1619 1040 1689 K
1046 1619 1098 1691 H
1104 1620 1159 1690 M
1171 1636 1228 1692 est
1245 1619 1292 1690 ad
1311 1620 1362 1690 H
1376 1619 1413 1690 T
1424 1618 1552 1714 quadr.
1573 1633 1614 1690 ut

159 1748 178 1775 ‘⁴
192 1737 233 1807 F
232 1735 304 1830 Bf
310 1736 358 1807 ad
376 1735 458 1808 BG
475 1733 584 1830 quad.
607 1737 643 1808 &
661 1733 915 1833 rectangulum
933 1736 973 1807 A
983 1736 1053 1821 Ββ
1070 1752 1238 1831 aequatur
1255 1735 1469 1833 rectangulo
1487 1737 1529 1807 ,F
1535 1737 1574 1807 B
1574 1734 1613 1829 fi

159 1855 263 1926 “erit
298 1854 409 1951 igitur
438 1852 562 1926 areola
591 1855 750 1927 ABba
783 1854 846 1926 ubi
879 1854 1041 1926 maxima
1066 1869 1124 1926 est
1150 1854 1198 1926 ad
1225 1854 1406 1951 reliquum
1430 1871 1611 1929 sectorem

159 1981 176 2008 “
199 1970 236 2041 T
234 1971 306 2055 Bb,
326 1985 367 2042 ut
384 1986 544 2066 rectang.
564 1971 605 2042 A
614 1973 683 2057 Ββ
708 1971 756 2043 ad
773 1970 856 2044 BG
872 1971 999 2068 quadr.
1053 1970 1131 2043 Sed
1149 1971 1241 2044 ratio
1259 1970 1388 2043 harum
1407 1971 1611 2044 areolarum

158 2096 339 2181 “semper
369 2101 448 2158 erat
478 2101 520 2159 ut
548 2088 588 2159 A
606 2088 684 2172 Ββ
707 2103 867 2186 rectang.
892 2089 939 2160 ad
964 2089 1003 2160 B
1021 2088 1058 2160 T
1079 2087 1321 2184 quadratum;
1353 2087 1390 2160 &
1415 2105 1612 2183 propterea

158 2202 315 2275 “areola
344 2203 384 2274 A
399 2203 438 2273 B
448 2203 503 2274 bu
533 2202 569 2274 in
598 2202 679 2277 loco
696 2205 737 2276 A
767 2206 888 2277 minor
909 2220 966 2277 est
987 2205 1094 2278 simili
1117 2204 1239 2277 areola
1261 2205 1296 2277 in
1319 2205 1551 2299 quadraturis
1574 2205 1610 2277 in

157 2318 377 2414 “duplicata
402 2320 544 2392 ratione
570 2321 609 2391 B
622 2321 658 2392 G
682 2320 730 2393 ad
757 2323 796 2393 B
816 2323 855 2408 T,
875 2322 945 2395 hoc
972 2337 1037 2408 est,
1066 2322 1102 2394 in
1129 2320 1315 2417 duplicata
1341 2322 1482 2393 ratione
1508 2322 1611 2394 sinus

157 2445 175 2474 “
189 2436 375 2509 distantiae
409 2436 498 2508 solis
533 2462 556 2507 a
590 2437 698 2511 nodo.
768 2439 821 2511 Et
853 2437 1010 2534 proinde
1040 2463 1184 2509 summa
1214 2437 1379 2509 omnium
1405 2435 1610 2509 areolarum

111 2592 115 2600 ·
157 2564 176 2591 “
189 2553 329 2625 ABba
349 2578 483 2649 nempe
500 2555 660 2649 spatium
678 2555 821 2626 ΑΒΝ
835 2555 904 2627 erit
922 2569 963 2626 ut
976 2570 1098 2627 motus
1117 2553 1204 2626 nodi
1224 2555 1259 2626 in
1279 2568 1445 2648 tempore
1463 2579 1538 2650 quo
1555 2552 1611 2626 sol

157 2670 396 2767 “digreditur
423 2697 446 2742 a
470 2671 569 2743 nodo
593 2697 660 2766 per
682 2696 808 2743 arcum
839 2671 953 2743 NA.
1011 2671 1063 2743 Et
1083 2671 1243 2766 spatium
1268 2669 1448 2767 reliquum
1476 2696 1611 2767 nempe

156 2796 174 2823 ‘⁴
189 2801 310 2857 sector
322 2785 502 2881 ellipticus
521 2786 571 2858 N
584 2789 623 2859 T
626 2789 665 2859 B
682 2788 751 2860 erit
764 2803 805 2860 ut
818 2803 941 2860 motus
959 2786 1047 2861 solis
1066 2787 1209 2860 medius
1228 2788 1264 2858 in
1283 2788 1416 2860 eodem
1431 2803 1608 2885 tempore.

156 2901 245 2973 “Et
271 2917 467 2997 propterea
494 2904 669 2998 quoniam
693 2930 838 2977 annuus
858 2919 980 2978 motus
1008 2905 1095 2978 nodi
1113 2904 1257 2977 medius
1285 2904 1315 2976 is
1340 2920 1399 2978 est
1424 2906 1487 3001 qui
1515 2906 1556 2979 fit
1574 2907 1610 2978 in

155 3025 357 3115 “tempore
388 3045 463 3116 quo
495 3019 550 3094 sol
576 3022 770 3117 periodum
792 3046 897 3094 suam
922 3020 1131 3108 absolverit,
1158 3038 1279 3095 motus
1304 3021 1391 3093 nodi
1418 3022 1562 3095 medius
1589 3049 1612 3095 a

155 3135 267 3209 “sole
291 3137 361 3209 erit
383 3136 431 3208 ad
456 3153 599 3211 motum
624 3138 738 3235 ipsius
760 3137 847 3212 solis
874 3138 1047 3224 medium,
1076 3155 1116 3211 ut
1146 3164 1232 3212 area
1260 3138 1381 3212 circuli
1409 3139 1458 3211 ad
1486 3165 1611 3213 aream

155 3256 370 3352 “ellipseos
402 3257 473 3330 hoc
508 3274 573 3344 est,
606 3273 648 3330 ut
679 3275 777 3332 recta
812 3260 850 3331 T
854 3259 902 3329 K
925 3258 973 3329 ad
1003 3275 1140 3330 rectam
1174 3259 1211 3330 T
1218 3259 1270 3330 H
1288 3259 1448 3330 mediam
1473 3258 1639 3332 scilicet,

155 3373 501 3470 “proportionalem
529 3376 625 3447 inter
658 3376 696 3447 T
700 3376 749 3448 K
772 3376 808 3448 81
841 3377 880 3447 T
887 3376 920 3446 S
927 3406 942 3459 ,·
968 3373 1027 3446 vel
1046 3374 1147 3471 quod
1165 3374 1297 3448 eodem
1317 3374 1412 3447 redit
1429 3388 1471 3446 ut
1487 3374 1610 3448 media

155 3488 471 3585 “proportionalis
496 3492 535 3564 T
540 3492 592 3564 H
604 3491 652 3564 ad
671 3507 808 3564 rectam
833 3492 872 3563 T
876 3492 915 3562 S.

662 3788 994 3851 PROPOSITIO
1037 3787 1094 3845 11.

256 3967 277 4000 “
289 3964 391 4034 Dato
417 3971 515 4035 motu
544 3963 658 4036 medio
685 3964 864 4036 nodorum
891 3965 989 4037 lunae
1014 3963 1179 4037 invenire
1203 3972 1339 4036 molum
1366 3989 1500 4037 oerum.

222 4175 311 4246 “Sit
341 4174 498 4272 angulus
525 4178 567 4249 A
601 4178 777 4251 distantia
803 4176 890 4251 solis
925 4205 947 4250 a
981 4178 1063 4252 loco
1090 4177 1177 4251 nodi
1209 4178 1341 4265 medio,
1374 4178 1454 4251 sive
1485 4192 1607 4252 motus

155 4292 332 4364 “medius
363 4290 450 4364 solis
477 4319 499 4364 a
526 4294 634 4368 nodo.
691 4294 791 4367 Tum
817 4295 847 4367 si
879 4296 1046 4390 capiatur
1074 4293 1231 4392 angulus
1256 4296 1295 4367 B
1320 4295 1423 4391 cujus
1451 4311 1607 4392 tangens

154 4409 234 4480 “sit
252 4408 299 4480 ad
319 4424 533 4507 tangentem
551 4409 675 4508 anguli
698 4412 739 4484 A
761 4428 802 4484 ut
827 4412 864 4484 T
869 4414 920 4484 H
936 4413 984 4484 ad
1010 4414 1048 4484 T
1051 4413 1103 4498 K,
1123 4411 1193 4485 hoc
1211 4427 1276 4497 est,
1297 4411 1333 4483 in
1352 4410 1609 4507 subduplicata

153 4531 328 4606 “ratione
355 4545 476 4603 motus
504 4531 699 4604 mediocris
725 4531 858 4604 horarii
885 4530 972 4604 solis
998 4532 1047 4604 ad
1078 4545 1219 4604 motum
1251 4529 1606 4602 mediocrem-hora·

154 4649 280 4721 “rium
311 4646 398 4720 solis
433 4673 455 4720 a
482 4647 582 4721 nodo
609 4647 644 4719 in
676 4648 909 4743 quadraturis
939 4664 1131 4735 versante;
1162 4648 1232 4720 erit
1258 4647 1356 4720 idem
1383 4646 1539 4746 angulus
1569 4648 1608 4719 B

154 4779 171 4805 ‘⁴
186 4767 361 4839 distantia
387 4765 474 4840 solis
492 4792 515 4839 a
532 4765 614 4839 loco
633 4766 720 4839 nodi
738 4791 837 4840 vero
896 4766 995 4839 Nam
1017 4768 1197 4866 jungatur
1221 4768 1263 4840 F
1276 4767 1314 4840 T
1334 4767 1371 4842 81
1388 4793 1436 4841 ex
1453 4769 1606 4842 demon-
