4110 5782
910 404 976 459 DE
998 403 1100 462 MOT
1102 404 1133 462 U
1154 403 1409 463 CORPORt'u

646 675 1018 751 PROPOSITIO
1066 680 1109 753 L.
1185 679 1518 752 PROBLEMA
1567 679 1672 752 XII.

867 860 1040 931 Invenire
1054 861 1236 954 pulsuum
1253 859 1455 932 distantias.

500 1075 685 1171 Corporis,
718 1077 821 1173 cujus
856 1092 1015 1149 tremore
1051 1075 1178 1172 pulsus
1213 1076 1428 1161 excitantur,
1466 1075 1674 1147 inveniatur
1709 1099 1889 1146 numerus

430 1192 677 1266 vibrationum
696 1193 784 1266 dato
808 1209 985 1289 tempore.
1059 1194 1130 1265 Per
1158 1218 1350 1265 numerum
1382 1191 1484 1264 illum
1511 1191 1699 1263 dividatur
1723 1192 1888 1286 spatium

430 1311 531 1405 quod
563 1308 690 1406 pulsus
721 1312 853 1383 eodem
884 1326 1050 1406 tempore
1080 1336 1292 1406 percurrere
1319 1310 1446 1405 possit,
1467 1310 1503 1383 81
1520 1335 1605 1405 pars
1635 1309 1785 1382 inventa
1816 1311 1888 1383 erit

433 1425 561 1522 pulsus
580 1428 688 1500 unius
706 1425 872 1500 latitudo.
928 1428 1066 1516 Q.E.l.

1061 1691 1256 1764 Scholium.

499 1870 680 1967 Spectant
708 1871 980 1966 propositiones
1016 1872 1226 1944 novissimae
1257 1872 1305 1942 ad
1336 1887 1477 1942 motum
1509 1868 1598 1943 lucis
1630 1869 1666 1942 80
1696 1895 1883 1946 sonorum.

433 1987 517 2060 Lux
548 1989 646 2061 enim
677 2014 760 2061 cum
792 2003 1018 2085 propagetur
1048 1988 1252 2060 secundum
1283 1986 1398 2059 lineas
1430 2004 1557 2074 rectaS,
1579 1988 1614 2059 in
1633 1989 1778 2061 actione
1805 1987 1886 2061 sola

432 2109 514 2202 (per
546 2131 649 2202 prop.
680 2129 744 2178 1111
781 2105 817 2178 81
852 2105 946 2202 XLII)
986 2105 1186 2177 consistere
1225 2105 1361 2199 nequit.
1433 2105 1525 2177 Soni
1560 2130 1650 2176 vero
1685 2120 1883 2200 propterea

429 2223 530 2318 quod
565 2249 588 2296 a
617 2225 831 2319 corporibus
867 2221 1032 2296 tremulis
1066 2222 1238 2306 oriantur,
1272 2219 1359 2292 nihil
1395 2219 1494 2292 aliud
1529 2237 1615 2293 sunt
1645 2246 1757 2317 quam
1787 2222 1885 2293 a'e'ris

427 2338 555 2434 pulsus
589 2341 793 2437 propagati,
825 2365 892 2435 per
920 2366 1024 2436 prop.
1056 2362 1158 2412 111111.
1231 2339 1479 2411 Confirmatur
1510 2338 1547 2409 id
1582 2364 1628 2410 ex
1663 2339 1885 2411 tremoribus

427 2479 521 2550 quos
557 2457 719 2529 excitant
754 2457 789 2528 in
825 2456 1038 2551 corporibus
1069 2454 1231 2551 objectis
1263 2455 1293 2525 si
1329 2456 1441 2528 modo
1472 2455 1712 2528 vehementes
1743 2457 1817 2528 sint
1848 2455 1884 2529 &

428 2598 573 2668 graves
593 2570 721 2667 quales
748 2588 834 2644 sunt
859 2572 940 2644 soni
967 2586 1237 2667 tympanorum.
1295 2570 1394 2642 Nam
1422 2588 1599 2645 tremores
1627 2570 1819 2645 celeriores
1847 2571 1883 2644 81

428 2688 617 2760 breviores
648 2685 830 2759 difficilius
861 2689 1075 2760 excitantur.
1143 2688 1221 2759 Sed
1253 2686 1289 2758 81
1320 2713 1431 2760 sonos
1463 2689 1626 2783 quosvis,
1660 2689 1696 2759 in
1726 2689 1882 2762 chordas

428 2807 642 2902 corporibus
673 2806 816 2878 sonoris
842 2805 1016 2877 unisonas
1047 2806 1236 2899 impactos,
1257 2806 1417 2879 excitare
1444 2823 1622 2879 tremores
1650 2808 1880 2880 notissimum

427 2940 493 2997 est.
549 2923 799 2996 Confirmatur
815 2923 926 2995 etiam
945 2949 992 2995 ex
1018 2921 1213 2996 velocitate
1240 2949 1423 2997 sonorum.
1481 2924 1581 2996 Nam
1608 2950 1692 2996 cum
1717 2924 1882 3019 pondera

426 3043 599 3140 specifica
628 3068 735 3138 aquae
765 3039 936 3138 pluvialis
968 3041 1003 3113 &
1034 3043 1177 3140 argenti
1208 3043 1284 3115 vivi
1315 3043 1389 3114 sint
1423 3044 1470 3114 ad
1507 3043 1664 3115 invicem
1699 3059 1741 3115 ut
1780 3068 1792 3114 1
1832 3044 1881 3115 ad

433 3160 497 3253 131}
531 3159 681 3244 circiter,
718 3158 754 3231 81
788 3159 851 3231 ubi
886 3159 1086 3231 mercurius
1122 3159 1158 3230 in
1198 3160 1417 3231 Barometro
1459 3156 1691 3231 altitudinem
1734 3161 1882 3257 attingit

426 3277 626 3375 digitorum
644 3276 892 3371 Anglt'cnrum
913 3299 968 3366 30,
988 3275 1134 3370 pondus
1160 3275 1370 3369 specificum
1398 3276 1492 3348 aeris
1519 3275 1555 3348 81
1581 3302 1688 3372 aquae
1713 3276 1882 3372 pluvialis

425 3395 500 3467 sint
517 3394 565 3466 ad
585 3393 741 3465 invicem
759 3408 801 3464 ut
824 3417 835 3463 1
860 3391 907 3462 ad
927 3394 1000 3483 870
1018 3393 1182 3465 circiter:
1214 3407 1321 3463 erunt
1347 3395 1512 3487 pondera
1540 3395 1709 3489 specifica
1730 3395 1824 3467 ae'ris
1845 3394 1881 3467 81

425 3511 568 3608 argenti
587 3510 662 3582 vivi
682 3524 723 3580 ut
745 3534 757 3580 1
781 3509 828 3580 ad
853 3510 980 3599 11890.
1038 3509 1197 3581 Proinde
1224 3534 1306 3581 cum
1325 3508 1480 3583 altitudo
1504 3512 1646 3607 argenti
1673 3510 1749 3583 vivi
1768 3511 1815 3582 sit
1835 3535 1882 3602 30

421 3627 631 3725 digitorum,
666 3626 823 3699 altitudo
857 3625 952 3698 ae'ris
987 3624 1185 3709 uniformis
1221 3626 1324 3721 cujus
1358 3626 1505 3722 pondus
1543 3639 1667 3699 aerem
1711 3643 1877 3700 nostrum

426 3745 633 3842 subjectum
669 3743 912 3837 comprimere
941 3757 1078 3838 posset,
1111 3742 1180 3814 erit
1216 3749 1364 3835 356700
1398 3743 1608 3839 digitorum,
1641 3769 1705 3816 seu
1742 3745 1879 3839 pedum

424 3863 674 3958 nugatorum
695 3882 827 3952 29725.
883 3860 1028 3954 Estque
1046 3860 1126 3931 haec
1152 3857 1308 3932 altitudo
1326 3858 1387 3931 illa
1405 3860 1484 3955 ipsa
1506 3886 1619 3955 quam
1639 3862 1673 3932 in
1693 3877 1878 3934 construc-

424 3984 524 4056 tione
560 3981 758 4077 superioris
785 3978 1023 4082 problematis
1050 3979 1321 4051 nominavimus
1350 3978 1397 4051 A.
1464 3978 1597 4052 Circuli
1626 3981 1728 4054 radio
1757 4001 1876 4073 29725

423 4101 561 4196 pedum
590 4099 764 4194 descripti
793 4097 1085 4170 circumferentia
1112 4111 1170 4168 est
1194 4096 1332 4191 pedum
1356 4100 1508 4190 186768.
1565 4099 1616 4171 Et
1635 4126 1717 4172 cum
1736 4102 1877 4195 pendu-

421 4216 497 4289 lum
524 4218 661 4314 digitos
690 4215 758 4309 39}
783 4213 934 4311 longum
962 4213 1227 4288 oscillationem
1254 4240 1302 4285 ex
1330 4214 1382 4285 itu
1415 4213 1451 4286 80
1482 4215 1602 4288 reditu
1635 4216 1877 4312 compositam

421 4349 588 4428 tempore
620 4333 844 4405 minutorum
875 4332 1032 4404 duorum
1063 4331 1318 4416 secundorum,
1347 4331 1399 4402 uti
1434 4347 1562 4402 notum
1594 4348 1659 4413 est,
1687 4332 1876 4418 absolvat;

421 4449 623 4546 pendulum
659 4451 775 4545 pedes
813 4471 932 4542 29725
970 4474 1035 4520 seu
1071 4448 1207 4546 digitos
1245 4453 1393 4540 356700
1428 4446 1579 4545 longum
1611 4449 1876 4524 oscillationem

420 4565 647 4640 consimilem
667 4583 833 4661 tempore
858 4566 1082 4638 minutorum
1107 4563 1353 4637 secundorum
1386 4564 1475 4655 1908
1501 4564 1695 4639 absolvere
1713 4566 1873 4638 debebit.

421 4686 481 4759 Eo
525 4686 636 4784 igitur
678 4700 845 4780 tempore
880 4710 993 4757 sonus
1028 4681 1300 4780 progrediendo
1345 4682 1513 4755 conficiet
1557 4684 1671 4777 pedes
1722 4687 1874 4774 186768,

416 4804 574 4900 ideoque
594 4817 764 4896 tempore
782 4801 911 4873 minuti
930 4801 1038 4872 unius
1057 4799 1207 4873 secundi
1226 4799 1342 4896 pedes
1362 4820 1442 4892 979.
