<?xml version="1.0" encoding="UTF-8"?>
<!DOCTYPE html PUBLIC "-//W3C//DTD XHTML 1.0 Transitional//EN"
    "http://www.w3.org/TR/xhtml1/DTD/xhtml1-transitional.dtd">
<html xmlns="http://www.w3.org/1999/xhtml" xml:lang="en" lang="en">
 <head>
  <title>
</title>
<meta http-equiv="Content-Type" content="text/html;charset=utf-8" />
  <meta name='ocr-system' content='tesseract 3.04.00' />
  <meta name='ocr-capabilities' content='ocr_page ocr_carea ocr_par ocr_line ocrx_word'/>
</head>
<body>
  <div class='ocr_page' id='page_1' title='image "./sirisaacnewtons01newtgoog_0030.png"; bbox 0 0 4088 5768; ppageno 0'>
   <div class='ocr_carea' id='block_1_1' title="bbox 651 388 1628 462">
    <p class='ocr_par' dir='ltr' id='par_1_1' title="bbox 651 388 1628 462">
     <span class='ocr_line' id='line_1_1' title="bbox 651 388 1628 462; baseline 0.015 -15"><span class='ocrx_word' id='word_1_1' title='bbox 651 388 873 450; x_wconf 86' lang='lat' dir='ltr'><em>EDITORIS</em></span> <span class='ocrx_word' id='word_1_2' title='bbox 891 389 1140 450; x_wconf 85' lang='lat' dir='ltr'><em>PRAEFATIO.</em></span> <span class='ocrx_word' id='word_1_3' title='bbox 1551 416 1628 462; x_wconf 90' lang='lat' dir='ltr'>xxv</span> 
     </span>
    </p>
   </div>
   <div class='ocr_carea' id='block_1_2' title="bbox 137 582 1691 4785">
    <p class='ocr_par' dir='ltr' id='par_1_2' title="bbox 137 582 1628 1388">
     <span class='ocr_line' id='line_1_2' title="bbox 171 582 1627 682; baseline 0.001 -22"><span class='ocrx_word' id='word_1_4' title='bbox 171 587 268 661; x_wconf 91' lang='lat' dir='ltr'>cebit</span> <span class='ocrx_word' id='word_1_5' title='bbox 296 610 418 682; x_wconf 90' lang='lat' dir='ltr'>neque</span> <span class='ocrx_word' id='word_1_6' title='bbox 445 600 601 658; x_wconf 89' lang='lat' dir='ltr'>extensa</span> <span class='ocrx_word' id='word_1_7' title='bbox 628 608 720 669; x_wconf 89' lang='lat' dir='ltr'>esse,</span> <span class='ocrx_word' id='word_1_8' title='bbox 748 608 817 656; x_wconf 92' lang='lat' dir='ltr'>nec</span> <span class='ocrx_word' id='word_1_9' title='bbox 843 582 1002 672; x_wconf 92' lang='lat' dir='ltr'>mobilia,</span> <span class='ocrx_word' id='word_1_10' title='bbox 1032 609 1100 657; x_wconf 91' lang='lat' dir='ltr'>nec</span> <span class='ocrx_word' id='word_1_11' title='bbox 1127 585 1429 681; x_wconf 82' lang='lat' dir='ltr'>impenetrabilia,</span> <span class='ocrx_word' id='word_1_12' title='bbox 1457 613 1540 659; x_wconf 90' lang='lat' dir='ltr'>curn</span> <span class='ocrx_word' id='word_1_13' title='bbox 1568 588 1627 661; x_wconf 86' lang='lat' dir='ltr'>hae</span> 
     </span>
     <span class='ocr_line' id='line_1_3' title="bbox 153 691 1626 800; baseline 0.001 -23"><span class='ocrx_word' id='word_1_14' title='bbox 153 691 326 777; x_wconf 84' lang='lat' dir='ltr'>lixarum</span> <span class='ocrx_word' id='word_1_15' title='bbox 350 702 564 776; x_wconf 82' lang='lat' dir='ltr'>affectiones</span> <span class='ocrx_word' id='word_1_16' title='bbox 583 701 748 774; x_wconf 92' lang='lat' dir='ltr'>nondum</span> <span class='ocrx_word' id='word_1_17' title='bbox 767 702 841 774; x_wconf 90' lang='lat' dir='ltr'>sint</span> <span class='ocrx_word' id='word_1_18' title='bbox 858 701 1075 776; x_wconf 86' lang='lat' dir='ltr'>observatae.</span> <span class='ocrx_word' id='word_1_19' title='bbox 1141 703 1243 796; x_wconf 83' lang='lat' dir='ltr'>Quid</span> <span class='ocrx_word' id='word_1_20' title='bbox 1270 731 1364 800; x_wconf 90' lang='lat' dir='ltr'>opus</span> <span class='ocrx_word' id='word_1_21' title='bbox 1391 720 1449 777; x_wconf 89' lang='lat' dir='ltr'>est</span> <span class='ocrx_word' id='word_1_22' title='bbox 1472 705 1626 778; x_wconf 88' lang='lat' dir='ltr'>verbis?</span> 
     </span>
     <span class='ocr_line' id='line_1_4' title="bbox 172 816 1628 919; baseline 0.001 -25"><span class='ocrx_word' id='word_1_23' title='bbox 172 822 268 894; x_wconf 91' lang='lat' dir='ltr'>inter</span> <span class='ocrx_word' id='word_1_24' title='bbox 285 821 477 917; x_wconf 89' lang='lat' dir='ltr'>primarias</span> <span class='ocrx_word' id='word_1_25' title='bbox 495 816 692 914; x_wconf 87' lang='lat' dir='ltr'>qualitates</span> <span class='ocrx_word' id='word_1_26' title='bbox 718 844 913 914; x_wconf 89' lang='lat' dir='ltr'>corporum</span> <span class='ocrx_word' id='word_1_27' title='bbox 940 820 1196 894; x_wconf 86' lang='lat' dir='ltr'>universorum</span> <span class='ocrx_word' id='word_1_28' title='bbox 1215 821 1275 895; x_wconf 92' lang='lat' dir='ltr'>vel</span> <span class='ocrx_word' id='word_1_29' title='bbox 1292 823 1457 919; x_wconf 86' lang='lat' dir='ltr'>gravitas</span> <span class='ocrx_word' id='word_1_30' title='bbox 1475 822 1628 896; x_wconf 89' lang='lat' dir='ltr'>habebit</span> 
     </span>
     <span class='ocr_line' id='line_1_5' title="bbox 137 934 1623 1032; baseline 0.002 -22"><span class='ocrx_word' id='word_1_31' title='bbox 137 975 139 978; x_wconf 52' lang='lat'><strong>&gt;</strong></span> <span class='ocrx_word' id='word_1_32' title='bbox 171 936 291 1011; x_wconf 91' lang='lat' dir='ltr'>locum</span> <span class='ocrx_word' id='word_1_33' title='bbox 305 965 313 1022; x_wconf 91' lang='lat'>;</span> <span class='ocrx_word' id='word_1_34' title='bbox 351 935 411 1010; x_wconf 94' lang='lat' dir='ltr'>vel</span> <span class='ocrx_word' id='word_1_35' title='bbox 442 936 620 1021; x_wconf 86' lang='lat' dir='ltr'>extensio,</span> <span class='ocrx_word' id='word_1_36' title='bbox 657 934 844 1008; x_wconf 86' lang='lat' dir='ltr'>mobilitas</span> <span class='ocrx_word' id='word_1_37' title='bbox 880 936 916 1009; x_wconf 86' lang='lat'>&amp;</span> <span class='ocrx_word' id='word_1_38' title='bbox 951 937 1279 1032; x_wconf 87' lang='lat' dir='ltr'>impenetrabilitas</span> <span class='ocrx_word' id='word_1_39' title='bbox 1315 964 1388 1012; x_wconf 94' lang='lat' dir='ltr'>non</span> <span class='ocrx_word' id='word_1_40' title='bbox 1425 938 1623 1013; x_wconf 87' lang='lat' dir='ltr'>habebunt.</span> 
     </span>
     <span class='ocr_line' id='line_1_6' title="bbox 174 1051 1625 1153; baseline 0.002 -26"><span class='ocrx_word' id='word_1_41' title='bbox 174 1054 226 1127; x_wconf 91' lang='lat' dir='ltr'>Et</span> <span class='ocrx_word' id='word_1_42' title='bbox 254 1071 385 1127; x_wconf 89' lang='lat' dir='ltr'>natura</span> <span class='ocrx_word' id='word_1_43' title='bbox 412 1079 534 1126; x_wconf 91' lang='lat' dir='ltr'>rerum</span> <span class='ocrx_word' id='word_1_44' title='bbox 563 1051 622 1125; x_wconf 89' lang='lat' dir='ltr'>vel</span> <span class='ocrx_word' id='word_1_45' title='bbox 658 1069 757 1126; x_wconf 91' lang='lat' dir='ltr'>recte</span> <span class='ocrx_word' id='word_1_46' title='bbox 792 1051 1036 1148; x_wconf 84' lang='lat' dir='ltr'>explicabitur</span> <span class='ocrx_word' id='word_1_47' title='bbox 1069 1081 1137 1150; x_wconf 90' lang='lat' dir='ltr'>per</span> <span class='ocrx_word' id='word_1_48' title='bbox 1166 1082 1361 1151; x_wconf 90' lang='lat' dir='ltr'>corporum</span> <span class='ocrx_word' id='word_1_49' title='bbox 1391 1057 1625 1153; x_wconf 85' lang='lat' dir='ltr'>gravitatem,</span> 
     </span>
     <span class='ocr_line' id='line_1_7' title="bbox 170 1170 1624 1267; baseline -0.001 -20"><span class='ocrx_word' id='word_1_50' title='bbox 170 1172 231 1247; x_wconf 91' lang='lat' dir='ltr'>vel</span> <span class='ocrx_word' id='word_1_51' title='bbox 258 1198 332 1247; x_wconf 94' lang='lat' dir='ltr'>non</span> <span class='ocrx_word' id='word_1_52' title='bbox 359 1189 458 1246; x_wconf 91' lang='lat' dir='ltr'>recte</span> <span class='ocrx_word' id='word_1_53' title='bbox 483 1170 727 1267; x_wconf 84' lang='lat' dir='ltr'>explicabitur</span> <span class='ocrx_word' id='word_1_54' title='bbox 752 1197 819 1267; x_wconf 91' lang='lat' dir='ltr'>per</span> <span class='ocrx_word' id='word_1_55' title='bbox 849 1196 1043 1266; x_wconf 90' lang='lat' dir='ltr'>corporum</span> <span class='ocrx_word' id='word_1_56' title='bbox 1078 1173 1344 1258; x_wconf 88' lang='lat' dir='ltr'>extensionem,</span> <span class='ocrx_word' id='word_1_57' title='bbox 1382 1171 1624 1246; x_wconf 90' lang='lat' dir='ltr'>mobilitatem</span> 
     </span>
     <span class='ocr_line' id='line_1_8' title="bbox 171 1290 620 1388; baseline -0.004 -24"><span class='ocrx_word' id='word_1_58' title='bbox 171 1293 208 1365; x_wconf 70' lang='lat'>81</span> <span class='ocrx_word' id='word_1_59' title='bbox 226 1290 620 1388; x_wconf 89' lang='lat' dir='ltr'>impenetrabilitatem.</span> 
     </span>
    </p>

    <p class='ocr_par' dir='ltr' id='par_1_3' title="bbox 171 1404 1691 2679">
     <span class='ocr_line' id='line_1_9' title="bbox 238 1404 1626 1502; baseline 0.001 -22"><span class='ocrx_word' id='word_1_60' title='bbox 238 1408 367 1482; x_wconf 86' lang='lat' dir='ltr'>Audio</span> <span class='ocrx_word' id='word_1_61' title='bbox 402 1404 598 1481; x_wconf 90' lang='lat' dir='ltr'>nonnullos</span> <span class='ocrx_word' id='word_1_62' title='bbox 626 1406 720 1478; x_wconf 90' lang='lat' dir='ltr'>hanc</span> <span class='ocrx_word' id='word_1_63' title='bbox 756 1407 965 1502; x_wconf 89' lang='lat' dir='ltr'>improbare</span> <span class='ocrx_word' id='word_1_64' title='bbox 999 1407 1282 1494; x_wconf 90' lang='lat' dir='ltr'>conclusionem,</span> <span class='ocrx_word' id='word_1_65' title='bbox 1321 1408 1356 1481; x_wconf 75' lang='lat' dir='ltr'>8z</span> <span class='ocrx_word' id='word_1_66' title='bbox 1391 1408 1439 1481; x_wconf 93' lang='lat' dir='ltr'>de</span> <span class='ocrx_word' id='word_1_67' title='bbox 1474 1406 1626 1481; x_wconf 85' lang='lat' dir='ltr'>occultis</span> 
     </span>
     <span class='ocr_line' id='line_1_10' title="bbox 172 1523 1626 1622; baseline 0 -25"><span class='ocrx_word' id='word_1_68' title='bbox 172 1524 409 1622; x_wconf 91' lang='lat' dir='ltr'>qualitatibus</span> <span class='ocrx_word' id='word_1_69' title='bbox 428 1525 552 1597; x_wconf 91' lang='lat' dir='ltr'>nescio</span> <span class='ocrx_word' id='word_1_70' title='bbox 571 1523 659 1619; x_wconf 93' lang='lat' dir='ltr'>quid</span> <span class='ocrx_word' id='word_1_71' title='bbox 679 1524 882 1596; x_wconf 86' lang='lat' dir='ltr'>mussitare.</span> <span class='ocrx_word' id='word_1_72' title='bbox 939 1525 1171 1599; x_wconf 82' lang='lat' dir='ltr'>Gravitatem</span> <span class='ocrx_word' id='word_1_73' title='bbox 1191 1526 1329 1599; x_wconf 90' lang='lat' dir='ltr'>scilicet</span> <span class='ocrx_word' id='word_1_74' title='bbox 1346 1524 1529 1599; x_wconf 92' lang='lat' dir='ltr'>occultum</span> <span class='ocrx_word' id='word_1_75' title='bbox 1543 1551 1626 1598; x_wconf 91' lang='lat' dir='ltr'>esse</span> 
     </span>
     <span class='ocr_line' id='line_1_11' title="bbox 172 1640 1625 1740; baseline 0.001 -26"><span class='ocrx_word' id='word_1_76' title='bbox 172 1643 271 1738; x_wconf 88' lang='lat' dir='ltr'>quid,</span> <span class='ocrx_word' id='word_1_77' title='bbox 302 1657 484 1738; x_wconf 90' lang='lat' dir='ltr'>perpetuo</span> <span class='ocrx_word' id='word_1_78' title='bbox 518 1641 679 1738; x_wconf 85' lang='lat' dir='ltr'>argutari</span> <span class='ocrx_word' id='word_1_79' title='bbox 714 1641 854 1728; x_wconf 92' lang='lat' dir='ltr'>solent;</span> <span class='ocrx_word' id='word_1_80' title='bbox 895 1640 1056 1715; x_wconf 89' lang='lat' dir='ltr'>occultas</span> <span class='ocrx_word' id='word_1_81' title='bbox 1091 1670 1182 1717; x_wconf 89' lang='lat' dir='ltr'>vero</span> <span class='ocrx_word' id='word_1_82' title='bbox 1217 1670 1346 1717; x_wconf 89' lang='lat' dir='ltr'>causas</span> <span class='ocrx_word' id='word_1_83' title='bbox 1381 1643 1507 1740; x_wconf 90' lang='lat' dir='ltr'>procul</span> <span class='ocrx_word' id='word_1_84' title='bbox 1543 1669 1625 1716; x_wconf 92' lang='lat' dir='ltr'>esse</span> 
     </span>
     <span class='ocr_line' id='line_1_12' title="bbox 172 1756 1691 1860; baseline 0 -26"><span class='ocrx_word' id='word_1_85' title='bbox 172 1761 399 1860; x_wconf 88' lang='lat' dir='ltr'>ablegandas</span> <span class='ocrx_word' id='word_1_86' title='bbox 425 1786 448 1833; x_wconf 90' lang='lat' dir='ltr'>a</span> <span class='ocrx_word' id='word_1_87' title='bbox 473 1756 715 1856; x_wconf 79' lang='lat' dir='ltr'>philosophia.</span> <span class='ocrx_word' id='word_1_88' title='bbox 790 1760 864 1832; x_wconf 91' lang='lat' dir='ltr'>His</span> <span class='ocrx_word' id='word_1_89' title='bbox 890 1776 1015 1834; x_wconf 90' lang='lat' dir='ltr'>autem</span> <span class='ocrx_word' id='word_1_90' title='bbox 1039 1762 1145 1836; x_wconf 88' lang='lat' dir='ltr'>sacile</span> <span class='ocrx_word' id='word_1_91' title='bbox 1171 1764 1436 1859; x_wconf 88' lang='lat' dir='ltr'>respondetur;</span> <span class='ocrx_word' id='word_1_92' title='bbox 1464 1761 1625 1835; x_wconf 88' lang='lat' dir='ltr'>occultas</span> <span class='ocrx_word' id='word_1_93' title='bbox 1687 1762 1691 1768; x_wconf 78' lang='grc'><strong>’</strong></span> 
     </span>
     <span class='ocr_line' id='line_1_13' title="bbox 172 1873 1625 1977; baseline -0.002 -24"><span class='ocrx_word' id='word_1_94' title='bbox 172 1906 255 1953; x_wconf 90' lang='lat' dir='ltr'>esse</span> <span class='ocrx_word' id='word_1_95' title='bbox 280 1904 419 1964; x_wconf 89' lang='lat' dir='ltr'>causas,</span> <span class='ocrx_word' id='word_1_96' title='bbox 453 1901 527 1950; x_wconf 92' lang='lat' dir='ltr'>non</span> <span class='ocrx_word' id='word_1_97' title='bbox 559 1873 638 1948; x_wconf 87' lang='lat' dir='ltr'>illas</span> <span class='ocrx_word' id='word_1_98' title='bbox 662 1876 813 1972; x_wconf 93' lang='lat' dir='ltr'>quidem</span> <span class='ocrx_word' id='word_1_99' title='bbox 842 1903 998 1973; x_wconf 89' lang='lat' dir='ltr'>quarum</span> <span class='ocrx_word' id='word_1_100' title='bbox 1026 1880 1223 1953; x_wconf 89' lang='lat' dir='ltr'>existentia</span> <span class='ocrx_word' id='word_1_101' title='bbox 1251 1906 1318 1977; x_wconf 91' lang='lat' dir='ltr'>per</span> <span class='ocrx_word' id='word_1_102' title='bbox 1345 1880 1625 1953; x_wconf 90' lang='lat' dir='ltr'>observationes</span> 
     </span>
     <span class='ocr_line' id='line_1_14' title="bbox 172 1993 1626 2092; baseline -0.001 -22"><span class='ocrx_word' id='word_1_103' title='bbox 172 1996 372 2070; x_wconf 90' lang='lat' dir='ltr'>clarissime</span> <span class='ocrx_word' id='word_1_104' title='bbox 397 1997 680 2079; x_wconf 90' lang='lat' dir='ltr'>demonstratur,</span> <span class='ocrx_word' id='word_1_105' title='bbox 700 1995 767 2066; x_wconf 92' lang='lat' dir='ltr'>sed</span> <span class='ocrx_word' id='word_1_106' title='bbox 794 1995 862 2067; x_wconf 91' lang='lat' dir='ltr'>has</span> <span class='ocrx_word' id='word_1_107' title='bbox 892 1993 1011 2068; x_wconf 93' lang='lat' dir='ltr'>solum</span> <span class='ocrx_word' id='word_1_108' title='bbox 1041 2022 1197 2092; x_wconf 89' lang='lat' dir='ltr'>quarum</span> <span class='ocrx_word' id='word_1_109' title='bbox 1225 1996 1369 2071; x_wconf 90' lang='lat' dir='ltr'>occulta</span> <span class='ocrx_word' id='word_1_110' title='bbox 1394 2013 1452 2070; x_wconf 94' lang='lat' dir='ltr'>est</span> <span class='ocrx_word' id='word_1_111' title='bbox 1479 1997 1514 2070; x_wconf 71' lang='lat'>81</span> <span class='ocrx_word' id='word_1_112' title='bbox 1540 1997 1626 2069; x_wconf 88' lang='lat' dir='ltr'>ficta</span> 
     </span>
     <span class='ocr_line' id='line_1_15' title="bbox 171 2112 1626 2211; baseline 0 -25"><span class='ocrx_word' id='word_1_113' title='bbox 171 2115 369 2188; x_wconf 88' lang='lat' dir='ltr'>existentia</span> <span class='ocrx_word' id='word_1_114' title='bbox 388 2113 551 2186; x_wconf 92' lang='lat' dir='ltr'>nondum</span> <span class='ocrx_word' id='word_1_115' title='bbox 570 2137 660 2184; x_wconf 90' lang='lat' dir='ltr'>vero</span> <span class='ocrx_word' id='word_1_116' title='bbox 677 2112 924 2207; x_wconf 89' lang='lat' dir='ltr'>comprobata.</span> <span class='ocrx_word' id='word_1_117' title='bbox 978 2112 1153 2186; x_wconf 88' lang='lat' dir='ltr'>Gravitas</span> <span class='ocrx_word' id='word_1_118' title='bbox 1172 2140 1262 2211; x_wconf 87' lang='lat' dir='ltr'>ergo</span> <span class='ocrx_word' id='word_1_119' title='bbox 1289 2139 1362 2186; x_wconf 94' lang='lat' dir='ltr'>non</span> <span class='ocrx_word' id='word_1_120' title='bbox 1389 2116 1459 2187; x_wconf 91' lang='lat' dir='ltr'>erit</span> <span class='ocrx_word' id='word_1_121' title='bbox 1484 2113 1626 2188; x_wconf 90' lang='lat' dir='ltr'>occulta</span> 
     </span>
     <span class='ocr_line' id='line_1_16' title="bbox 172 2228 1625 2326; baseline -0.001 -23"><span class='ocrx_word' id='word_1_122' title='bbox 172 2256 282 2303; x_wconf 91' lang='lat' dir='ltr'>causa</span> <span class='ocrx_word' id='word_1_123' title='bbox 293 2246 459 2303; x_wconf 91' lang='lat' dir='ltr'>motuum</span> <span class='ocrx_word' id='word_1_124' title='bbox 473 2228 689 2316; x_wconf 83' lang='lat' dir='ltr'>caelestium;</span> <span class='ocrx_word' id='word_1_125' title='bbox 708 2230 891 2326; x_wconf 89' lang='lat' dir='ltr'>siquidem</span> <span class='ocrx_word' id='word_1_126' title='bbox 906 2254 953 2301; x_wconf 92' lang='lat' dir='ltr'>ex</span> <span class='ocrx_word' id='word_1_127' title='bbox 967 2228 1222 2324; x_wconf 85' lang='lat' dir='ltr'>phaenomenis</span> <span class='ocrx_word' id='word_1_128' title='bbox 1240 2248 1431 2304; x_wconf 90' lang='lat' dir='ltr'>ostensum</span> <span class='ocrx_word' id='word_1_129' title='bbox 1450 2247 1515 2315; x_wconf 92' lang='lat' dir='ltr'>est,</span> <span class='ocrx_word' id='word_1_130' title='bbox 1530 2230 1625 2302; x_wconf 90' lang='lat' dir='ltr'>hanc</span> 
     </span>
     <span class='ocr_line' id='line_1_17' title="bbox 172 2345 1623 2444; baseline 0 -25"><span class='ocrx_word' id='word_1_131' title='bbox 172 2347 345 2429; x_wconf 85' lang='lat' dir='ltr'>virtutem</span> <span class='ocrx_word' id='word_1_132' title='bbox 373 2371 502 2419; x_wconf 90' lang='lat' dir='ltr'>revera</span> <span class='ocrx_word' id='word_1_133' title='bbox 528 2346 696 2420; x_wconf 88' lang='lat' dir='ltr'>existere.</span> <span class='ocrx_word' id='word_1_134' title='bbox 771 2347 825 2418; x_wconf 91' lang='lat' dir='ltr'>Hi</span> <span class='ocrx_word' id='word_1_135' title='bbox 852 2347 975 2441; x_wconf 91' lang='lat' dir='ltr'>potius</span> <span class='ocrx_word' id='word_1_136' title='bbox 993 2345 1041 2417; x_wconf 88' lang='lat' dir='ltr'>ad</span> <span class='ocrx_word' id='word_1_137' title='bbox 1059 2346 1220 2419; x_wconf 89' lang='lat' dir='ltr'>occultas</span> <span class='ocrx_word' id='word_1_138' title='bbox 1238 2348 1455 2444; x_wconf 82' lang='lat' dir='ltr'>confugiunt</span> <span class='ocrx_word' id='word_1_139' title='bbox 1474 2373 1623 2434; x_wconf 88' lang='lat' dir='ltr'>causas;</span> 
     </span>
     <span class='ocr_line' id='line_1_18' title="bbox 172 2462 1676 2560; baseline -0.001 -24"><span class='ocrx_word' id='word_1_140' title='bbox 172 2466 234 2560; x_wconf 90' lang='lat' dir='ltr'>qui</span> <span class='ocrx_word' id='word_1_141' title='bbox 252 2465 377 2538; x_wconf 94' lang='lat' dir='ltr'>nescio</span> <span class='ocrx_word' id='word_1_142' title='bbox 395 2490 489 2560; x_wconf 92' lang='lat' dir='ltr'>quos</span> <span class='ocrx_word' id='word_1_143' title='bbox 507 2464 674 2548; x_wconf 89' lang='lat' dir='ltr'>vortices,</span> <span class='ocrx_word' id='word_1_144' title='bbox 690 2464 854 2536; x_wconf 84' lang='lat' dir='ltr'>materiae</span> <span class='ocrx_word' id='word_1_145' title='bbox 868 2462 1058 2559; x_wconf 90' lang='lat' dir='ltr'>eujusdam</span> <span class='ocrx_word' id='word_1_146' title='bbox 1078 2489 1227 2559; x_wconf 87' lang='lat' dir='ltr'>prorsus</span> <span class='ocrx_word' id='word_1_147' title='bbox 1247 2464 1384 2537; x_wconf 70' lang='lat' dir='ltr'>fictitiae</span> <span class='ocrx_word' id='word_1_148' title='bbox 1402 2465 1625 2538; x_wconf 80' lang='lat' dir='ltr'>&amp;sensibus</span> <span class='ocrx_word' id='word_1_149' title='bbox 1674 2483 1676 2486; x_wconf 84' lang='grc'><strong><em>·</em></strong></span> 
     </span>
     <span class='ocr_line' id='line_1_19' title="bbox 173 2580 1243 2679; baseline 0 -25"><span class='ocrx_word' id='word_1_150' title='bbox 173 2584 323 2656; x_wconf 92' lang='lat' dir='ltr'>omnino</span> <span class='ocrx_word' id='word_1_151' title='bbox 342 2583 488 2679; x_wconf 83' lang='lat' dir='ltr'>ignotae,</span> <span class='ocrx_word' id='word_1_152' title='bbox 509 2581 669 2653; x_wconf 88' lang='lat' dir='ltr'>motibus</span> <span class='ocrx_word' id='word_1_153' title='bbox 688 2581 819 2652; x_wconf 90' lang='lat' dir='ltr'>iisdem</span> <span class='ocrx_word' id='word_1_154' title='bbox 838 2580 1011 2677; x_wconf 87' lang='lat' dir='ltr'>regendis</span> <span class='ocrx_word' id='word_1_155' title='bbox 1029 2581 1243 2675; x_wconf 69' lang='lat' dir='ltr'>praeficiunt.</span> 
     </span>
    </p>

    <p class='ocr_par' dir='ltr' id='par_1_4' title="bbox 172 2696 1625 4084">
     <span class='ocr_line' id='line_1_20' title="bbox 243 2696 1623 2797; baseline -0.001 -24"><span class='ocrx_word' id='word_1_156' title='bbox 243 2701 382 2773; x_wconf 92' lang='lat' dir='ltr'>ldeone</span> <span class='ocrx_word' id='word_1_157' title='bbox 416 2715 540 2771; x_wconf 90' lang='lat' dir='ltr'>autem</span> <span class='ocrx_word' id='word_1_158' title='bbox 583 2699 748 2795; x_wconf 85' lang='lat' dir='ltr'>gravitas</span> <span class='ocrx_word' id='word_1_159' title='bbox 791 2696 935 2770; x_wconf 91' lang='lat' dir='ltr'>occulta</span> <span class='ocrx_word' id='word_1_160' title='bbox 978 2723 1089 2769; x_wconf 91' lang='lat' dir='ltr'>causa</span> <span class='ocrx_word' id='word_1_161' title='bbox 1132 2699 1282 2786; x_wconf 89' lang='lat' dir='ltr'>dicetur,</span> <span class='ocrx_word' id='word_1_162' title='bbox 1319 2726 1439 2797; x_wconf 90' lang='lat' dir='ltr'>eoque</span> <span class='ocrx_word' id='word_1_163' title='bbox 1474 2701 1623 2775; x_wconf 93' lang='lat' dir='ltr'>nomine</span> 
     </span>
     <span class='ocr_line' id='line_1_21' title="bbox 173 2815 1624 2916; baseline -0.001 -24"><span class='ocrx_word' id='word_1_164' title='bbox 173 2820 399 2916; x_wconf 87' lang='lat' dir='ltr'>rejicieture</span> <span class='ocrx_word' id='word_1_165' title='bbox 429 2815 672 2912; x_wconf 87' lang='lat' dir='ltr'>philosophia,</span> <span class='ocrx_word' id='word_1_166' title='bbox 705 2816 805 2912; x_wconf 92' lang='lat' dir='ltr'>quod</span> <span class='ocrx_word' id='word_1_167' title='bbox 834 2842 945 2888; x_wconf 90' lang='lat' dir='ltr'>causa</span> <span class='ocrx_word' id='word_1_168' title='bbox 974 2816 1087 2911; x_wconf 91' lang='lat' dir='ltr'>ipsius</span> <span class='ocrx_word' id='word_1_169' title='bbox 1115 2817 1309 2912; x_wconf 85' lang='lat' dir='ltr'>gravitatis</span> <span class='ocrx_word' id='word_1_170' title='bbox 1336 2817 1479 2891; x_wconf 88' lang='lat' dir='ltr'>occulta</span> <span class='ocrx_word' id='word_1_171' title='bbox 1504 2835 1562 2891; x_wconf 91' lang='lat' dir='ltr'>est</span> <span class='ocrx_word' id='word_1_172' title='bbox 1588 2817 1624 2890; x_wconf 74' lang='lat' dir='ltr'>u</span> 
     </span>
     <span class='ocr_line' id='line_1_22' title="bbox 173 2932 1621 3030; baseline 0 -22"><span class='ocrx_word' id='word_1_173' title='bbox 173 2937 336 3011; x_wconf 91' lang='lat' dir='ltr'>nondum</span> <span class='ocrx_word' id='word_1_174' title='bbox 355 2933 535 3008; x_wconf 89' lang='lat' dir='ltr'>inventa?</span> <span class='ocrx_word' id='word_1_175' title='bbox 588 2932 664 3025; x_wconf 83' lang='lat' dir='ltr'>Qui</span> <span class='ocrx_word' id='word_1_176' title='bbox 682 2935 735 3006; x_wconf 89' lang='lat' dir='ltr'>sic</span> <span class='ocrx_word' id='word_1_177' title='bbox 753 2950 928 3018; x_wconf 90' lang='lat' dir='ltr'>statuunt,</span> <span class='ocrx_word' id='word_1_178' title='bbox 948 2933 1102 3006; x_wconf 89' lang='lat' dir='ltr'>videant</span> <span class='ocrx_word' id='word_1_179' title='bbox 1121 2934 1258 3030; x_wconf 91' lang='lat' dir='ltr'>nequid</span> <span class='ocrx_word' id='word_1_180' title='bbox 1277 2951 1442 3008; x_wconf 85' lang='lat' dir='ltr'>statuant</span> <span class='ocrx_word' id='word_1_181' title='bbox 1459 2935 1621 3024; x_wconf 90' lang='lat' dir='ltr'>absurdi,</span> 
     </span>
     <span class='ocr_line' id='line_1_23' title="bbox 173 3048 1623 3145; baseline -0.001 -20"><span class='ocrx_word' id='word_1_182' title='bbox 173 3053 270 3125; x_wconf 91' lang='lat' dir='ltr'>unde</span> <span class='ocrx_word' id='word_1_183' title='bbox 288 3053 399 3126; x_wconf 92' lang='lat' dir='ltr'>totius</span> <span class='ocrx_word' id='word_1_184' title='bbox 418 3051 569 3125; x_wconf 89' lang='lat' dir='ltr'>tandem</span> <span class='ocrx_word' id='word_1_185' title='bbox 596 3048 840 3145; x_wconf 89' lang='lat' dir='ltr'>philosophiae</span> <span class='ocrx_word' id='word_1_186' title='bbox 866 3051 1107 3122; x_wconf 84' lang='lat' dir='ltr'>fundamenta</span> <span class='ocrx_word' id='word_1_187' title='bbox 1134 3049 1397 3124; x_wconf 88' lang='lat' dir='ltr'>convellantur.</span> <span class='ocrx_word' id='word_1_188' title='bbox 1471 3052 1623 3124; x_wconf 90' lang='lat' dir='ltr'>Etenim</span> 
     </span>
     <span class='ocr_line' id='line_1_24' title="bbox 172 3166 1623 3266; baseline 0.001 -25"><span class='ocrx_word' id='word_1_189' title='bbox 172 3195 292 3242; x_wconf 86' lang='lat' dir='ltr'>causae</span> <span class='ocrx_word' id='word_1_190' title='bbox 310 3169 484 3242; x_wconf 90' lang='lat' dir='ltr'>continuo</span> <span class='ocrx_word' id='word_1_191' title='bbox 503 3192 600 3240; x_wconf 92' lang='lat' dir='ltr'>nexu</span> <span class='ocrx_word' id='word_1_192' title='bbox 619 3167 819 3262; x_wconf 90' lang='lat' dir='ltr'>procedere</span> <span class='ocrx_word' id='word_1_193' title='bbox 837 3166 957 3240; x_wconf 91' lang='lat' dir='ltr'>solent</span> <span class='ocrx_word' id='word_1_194' title='bbox 970 3193 993 3238; x_wconf 89' lang='lat' dir='ltr'>a</span> <span class='ocrx_word' id='word_1_195' title='bbox 1006 3169 1220 3262; x_wconf 90' lang='lat' dir='ltr'>compositis</span> <span class='ocrx_word' id='word_1_196' title='bbox 1234 3169 1280 3241; x_wconf 90' lang='lat' dir='ltr'>ad</span> <span class='ocrx_word' id='word_1_197' title='bbox 1296 3167 1518 3266; x_wconf 90' lang='lat' dir='ltr'>simpliciora</span> <span class='ocrx_word' id='word_1_198' title='bbox 1535 3198 1542 3243; x_wconf 93' lang='lat'>:</span> <span class='ocrx_word' id='word_1_199' title='bbox 1562 3170 1623 3242; x_wconf 92' lang='lat' dir='ltr'>ubi</span> 
     </span>
     <span class='ocr_line' id='line_1_25' title="bbox 173 3283 1621 3383; baseline -0.001 -23"><span class='ocrx_word' id='word_1_200' title='bbox 173 3287 220 3360; x_wconf 91' lang='lat' dir='ltr'>ad</span> <span class='ocrx_word' id='word_1_201' title='bbox 238 3313 386 3360; x_wconf 91' lang='lat' dir='ltr'>causam</span> <span class='ocrx_word' id='word_1_202' title='bbox 405 3284 711 3382; x_wconf 86' lang='lat' dir='ltr'>simplicissimam</span> <span class='ocrx_word' id='word_1_203' title='bbox 726 3286 949 3381; x_wconf 71' lang='lat' dir='ltr'>perveneris</span> <span class='ocrx_word' id='word_1_204' title='bbox 956 3287 1035 3382; x_wconf 89' lang='lat' dir='ltr'>jam</span> <span class='ocrx_word' id='word_1_205' title='bbox 1050 3309 1123 3358; x_wconf 92' lang='lat' dir='ltr'>non</span> <span class='ocrx_word' id='word_1_206' title='bbox 1138 3283 1260 3356; x_wconf 91' lang='lat' dir='ltr'>licebit</span> <span class='ocrx_word' id='word_1_207' title='bbox 1273 3283 1425 3357; x_wconf 92' lang='lat' dir='ltr'>ulterius</span> <span class='ocrx_word' id='word_1_208' title='bbox 1438 3288 1621 3383; x_wconf 87' lang='lat' dir='ltr'>progredi.</span> 
     </span>
     <span class='ocr_line' id='line_1_26' title="bbox 176 3400 1625 3502; baseline 0 -25"><span class='ocrx_word' id='word_1_209' title='bbox 176 3405 308 3477; x_wconf 81' lang='lat' dir='ltr'>Causae</span> <span class='ocrx_word' id='word_1_210' title='bbox 327 3405 439 3502; x_wconf 85' lang='lat' dir='ltr'>igitur</span> <span class='ocrx_word' id='word_1_211' title='bbox 457 3402 737 3498; x_wconf 66' lang='lat' dir='ltr'>simplicissimae</span> <span class='ocrx_word' id='word_1_212' title='bbox 756 3400 854 3474; x_wconf 88' lang='lat' dir='ltr'>nulla</span> <span class='ocrx_word' id='word_1_213' title='bbox 871 3403 950 3474; x_wconf 91' lang='lat' dir='ltr'>dari</span> <span class='ocrx_word' id='word_1_214' title='bbox 969 3417 1093 3498; x_wconf 90' lang='lat' dir='ltr'>potest</span> <span class='ocrx_word' id='word_1_215' title='bbox 1111 3401 1323 3474; x_wconf 90' lang='lat' dir='ltr'>mechanica</span> <span class='ocrx_word' id='word_1_216' title='bbox 1346 3401 1566 3498; x_wconf 87' lang='lat' dir='ltr'>explicatio:</span> <span class='ocrx_word' id='word_1_217' title='bbox 1593 3406 1625 3477; x_wconf 92' lang='lat' dir='ltr'>si</span> 
     </span>
     <span class='ocr_line' id='line_1_27' title="bbox 174 3518 1624 3616; baseline 0 -22"><span class='ocrx_word' id='word_1_218' title='bbox 174 3522 324 3595; x_wconf 92' lang='lat' dir='ltr'>daretur</span> <span class='ocrx_word' id='word_1_219' title='bbox 350 3522 458 3605; x_wconf 89' lang='lat' dir='ltr'>enim,</span> <span class='ocrx_word' id='word_1_220' title='bbox 478 3546 590 3593; x_wconf 89' lang='lat' dir='ltr'>causa</span> <span class='ocrx_word' id='word_1_221' title='bbox 617 3518 782 3592; x_wconf 93' lang='lat' dir='ltr'>nondum</span> <span class='ocrx_word' id='word_1_222' title='bbox 810 3535 910 3591; x_wconf 90' lang='lat' dir='ltr'>esset</span> <span class='ocrx_word' id='word_1_223' title='bbox 937 3519 1216 3614; x_wconf 91' lang='lat' dir='ltr'>simplicissima.</span> <span class='ocrx_word' id='word_1_224' title='bbox 1285 3518 1368 3591; x_wconf 88' lang='lat' dir='ltr'>Has</span> <span class='ocrx_word' id='word_1_225' title='bbox 1397 3535 1435 3592; x_wconf 91' lang='lat' dir='ltr'>tu</span> <span class='ocrx_word' id='word_1_226' title='bbox 1468 3522 1624 3616; x_wconf 91' lang='lat' dir='ltr'>proinde</span> 
     </span>
     <span class='ocr_line' id='line_1_28' title="bbox 174 3633 1625 3733; baseline -0.001 -23"><span class='ocrx_word' id='word_1_227' title='bbox 174 3663 303 3710; x_wconf 86' lang='lat' dir='ltr'>causas</span> <span class='ocrx_word' id='word_1_228' title='bbox 330 3636 619 3733; x_wconf 89' lang='lat' dir='ltr'>simplicissimas</span> <span class='ocrx_word' id='word_1_229' title='bbox 642 3633 845 3730; x_wconf 88' lang='lat' dir='ltr'>appellabis</span> <span class='ocrx_word' id='word_1_230' title='bbox 863 3635 1033 3720; x_wconf 79' lang='lat' dir='ltr'>occultaS,</span> <span class='ocrx_word' id='word_1_231' title='bbox 1054 3634 1090 3706; x_wconf 71' lang='grc' dir='ltr'>ἃ</span> <span class='ocrx_word' id='word_1_232' title='bbox 1118 3633 1267 3707; x_wconf 89' lang='lat' dir='ltr'>exulare</span> <span class='ocrx_word' id='word_1_233' title='bbox 1289 3636 1468 3732; x_wconf 90' lang='lat' dir='ltr'>jubebis?</span> <span class='ocrx_word' id='word_1_234' title='bbox 1505 3636 1625 3711; x_wconf 89' lang='lat' dir='ltr'>Simul</span> 
     </span>
     <span class='ocr_line' id='line_1_29' title="bbox 173 3750 1625 3849; baseline 0 -22"><span class='ocrx_word' id='word_1_235' title='bbox 173 3779 264 3827; x_wconf 90' lang='lat' dir='ltr'>vero</span> <span class='ocrx_word' id='word_1_236' title='bbox 294 3754 496 3826; x_wconf 90' lang='lat' dir='ltr'>exulabunt</span> <span class='ocrx_word' id='word_1_237' title='bbox 523 3753 558 3826; x_wconf 82' lang='lat'>&amp;</span> <span class='ocrx_word' id='word_1_238' title='bbox 586 3753 634 3824; x_wconf 92' lang='lat' dir='ltr'>ab</span> <span class='ocrx_word' id='word_1_239' title='bbox 662 3752 719 3823; x_wconf 92' lang='lat' dir='ltr'>his</span> <span class='ocrx_word' id='word_1_240' title='bbox 747 3752 914 3847; x_wconf 88' lang='lat' dir='ltr'>proxime</span> <span class='ocrx_word' id='word_1_241' title='bbox 942 3752 1147 3847; x_wconf 88' lang='lat' dir='ltr'>pendentes</span> <span class='ocrx_word' id='word_1_242' title='bbox 1175 3751 1211 3822; x_wconf 67' lang='lat' dir='ltr'>bi</span> <span class='ocrx_word' id='word_1_243' title='bbox 1237 3777 1321 3846; x_wconf 84' lang='lat' dir='ltr'>quae</span> <span class='ocrx_word' id='word_1_244' title='bbox 1348 3753 1395 3824; x_wconf 89' lang='lat' dir='ltr'>ab</span> <span class='ocrx_word' id='word_1_245' title='bbox 1422 3750 1491 3824; x_wconf 91' lang='lat' dir='ltr'>illis</span> <span class='ocrx_word' id='word_1_246' title='bbox 1514 3780 1625 3849; x_wconf 93' lang='lat' dir='ltr'>porro</span> 
     </span>
     <span class='ocr_line' id='line_1_30' title="bbox 176 3867 1625 3968; baseline 0 -24"><span class='ocrx_word' id='word_1_247' title='bbox 176 3871 348 3968; x_wconf 90' lang='lat' dir='ltr'>pendent,</span> <span class='ocrx_word' id='word_1_248' title='bbox 367 3896 486 3968; x_wconf 92' lang='lat' dir='ltr'>usque</span> <span class='ocrx_word' id='word_1_249' title='bbox 503 3869 593 3942; x_wconf 93' lang='lat' dir='ltr'>dum</span> <span class='ocrx_word' id='word_1_250' title='bbox 620 3895 643 3941; x_wconf 90' lang='lat' dir='ltr'>a</span> <span class='ocrx_word' id='word_1_251' title='bbox 669 3869 787 3941; x_wconf 89' lang='lat' dir='ltr'>causis</span> <span class='ocrx_word' id='word_1_252' title='bbox 813 3869 985 3941; x_wconf 91' lang='lat' dir='ltr'>omnibus</span> <span class='ocrx_word' id='word_1_253' title='bbox 1003 3893 1120 3940; x_wconf 89' lang='lat' dir='ltr'>vacua</span> <span class='ocrx_word' id='word_1_254' title='bbox 1137 3867 1247 3940; x_wconf 84' lang='lat' dir='ltr'>fuerit</span> <span class='ocrx_word' id='word_1_255' title='bbox 1273 3868 1308 3939; x_wconf 69' lang='grc' dir='ltr'>ἃ</span> <span class='ocrx_word' id='word_1_256' title='bbox 1335 3869 1450 3963; x_wconf 88' lang='lat' dir='ltr'>probe</span> <span class='ocrx_word' id='word_1_257' title='bbox 1469 3888 1625 3967; x_wconf 83' lang='lat' dir='ltr'>purgata</span> 
     </span>
     <span class='ocr_line' id='line_1_31' title="bbox 175 3988 1184 4084; baseline -0.001 -23"><span class='ocrx_word' id='word_1_258' title='bbox 175 3988 415 4084; x_wconf 89' lang='lat' dir='ltr'>philosophia.</span> <span class='ocrx_word' id='word_1_259' title='bbox 1182 4077 1184 4081; x_wconf 57' lang='lat'>.</span> 
     </span>
    </p>

    <p class='ocr_par' dir='ltr' id='par_1_5' title="bbox 173 4102 1626 4785">
     <span class='ocr_line' id='line_1_32' title="bbox 242 4102 1625 4202; baseline 0.001 -24"><span class='ocrx_word' id='word_1_260' title='bbox 242 4106 338 4178; x_wconf 87' lang='lat' dir='ltr'>Sunt</span> <span class='ocrx_word' id='word_1_261' title='bbox 364 4106 428 4202; x_wconf 91' lang='lat' dir='ltr'>qui</span> <span class='ocrx_word' id='word_1_262' title='bbox 453 4105 675 4201; x_wconf 87' lang='lat' dir='ltr'>gravitatem</span> <span class='ocrx_word' id='word_1_263' title='bbox 702 4120 838 4199; x_wconf 84' lang='lat' dir='ltr'>praeter</span> <span class='ocrx_word' id='word_1_264' title='bbox 862 4119 1031 4177; x_wconf 91' lang='lat' dir='ltr'>naturam</span> <span class='ocrx_word' id='word_1_265' title='bbox 1060 4129 1143 4176; x_wconf 89' lang='lat' dir='ltr'>esse</span> <span class='ocrx_word' id='word_1_266' title='bbox 1170 4104 1306 4188; x_wconf 91' lang='lat' dir='ltr'>dicunt,</span> <span class='ocrx_word' id='word_1_267' title='bbox 1339 4102 1375 4175; x_wconf 84' lang='lat'>&amp;</span> <span class='ocrx_word' id='word_1_268' title='bbox 1410 4104 1625 4179; x_wconf 89' lang='lat' dir='ltr'>miraculum</span> 
     </span>
     <span class='ocr_line' id='line_1_33' title="bbox 175 4219 1626 4319; baseline 0 -23"><span class='ocrx_word' id='word_1_269' title='bbox 175 4239 393 4319; x_wconf 89' lang='lat' dir='ltr'>perpetuum</span> <span class='ocrx_word' id='word_1_270' title='bbox 413 4236 557 4295; x_wconf 87' lang='lat' dir='ltr'>vocant.</span> <span class='ocrx_word' id='word_1_271' title='bbox 616 4222 747 4316; x_wconf 91' lang='lat' dir='ltr'>ltaque</span> <span class='ocrx_word' id='word_1_272' title='bbox 774 4221 1010 4317; x_wconf 89' lang='lat' dir='ltr'>rejiciendam</span> <span class='ocrx_word' id='word_1_273' title='bbox 1037 4246 1120 4292; x_wconf 91' lang='lat' dir='ltr'>esse</span> <span class='ocrx_word' id='word_1_274' title='bbox 1139 4219 1277 4304; x_wconf 92' lang='lat' dir='ltr'>volunt,</span> <span class='ocrx_word' id='word_1_275' title='bbox 1298 4245 1381 4292; x_wconf 92' lang='lat' dir='ltr'>cum</span> <span class='ocrx_word' id='word_1_276' title='bbox 1410 4221 1444 4292; x_wconf 94' lang='lat' dir='ltr'>in</span> <span class='ocrx_word' id='word_1_277' title='bbox 1473 4222 1626 4319; x_wconf 88' lang='lat' dir='ltr'>physica</span> 
     </span>
     <span class='ocr_line' id='line_1_34' title="bbox 174 4335 1625 4435; baseline 0.001 -23"><span class='ocrx_word' id='word_1_278' title='bbox 174 4339 494 4435; x_wconf 76' lang='lat' dir='ltr'>praeternatumles</span> <span class='ocrx_word' id='word_1_279' title='bbox 525 4363 645 4410; x_wconf 86' lang='lat' dir='ltr'>causae</span> <span class='ocrx_word' id='word_1_280' title='bbox 673 4335 794 4410; x_wconf 90' lang='lat' dir='ltr'>locum</span> <span class='ocrx_word' id='word_1_281' title='bbox 825 4363 899 4411; x_wconf 93' lang='lat' dir='ltr'>non</span> <span class='ocrx_word' id='word_1_282' title='bbox 930 4337 1099 4410; x_wconf 89' lang='lat' dir='ltr'>habeant.</span> <span class='ocrx_word' id='word_1_283' title='bbox 1173 4337 1274 4408; x_wconf 91' lang='lat' dir='ltr'>Huic</span> <span class='ocrx_word' id='word_1_284' title='bbox 1309 4337 1444 4432; x_wconf 85' lang='lat' dir='ltr'>ineptae</span> <span class='ocrx_word' id='word_1_285' title='bbox 1476 4365 1625 4435; x_wconf 91' lang='lat' dir='ltr'>prorsus</span> 
     </span>
     <span class='ocr_line' id='line_1_35' title="bbox 173 4453 1625 4554; baseline 0.001 -23"><span class='ocrx_word' id='word_1_286' title='bbox 173 4458 371 4554; x_wconf 88' lang='lat' dir='ltr'>objectioni</span> <span class='ocrx_word' id='word_1_287' title='bbox 389 4455 583 4541; x_wconf 82' lang='lat' dir='ltr'>diluendae,</span> <span class='ocrx_word' id='word_1_288' title='bbox 604 4480 687 4550; x_wconf 85' lang='lat' dir='ltr'>quae</span> <span class='ocrx_word' id='word_1_289' title='bbox 708 4454 743 4527; x_wconf 72' lang='lat' dir='ltr'>dt</span> <span class='ocrx_word' id='word_1_290' title='bbox 762 4455 841 4548; x_wconf 90' lang='lat' dir='ltr'>ipsa</span> <span class='ocrx_word' id='word_1_291' title='bbox 859 4453 1130 4551; x_wconf 88' lang='lat' dir='ltr'>philosophiam</span> <span class='ocrx_word' id='word_1_292' title='bbox 1157 4454 1300 4526; x_wconf 90' lang='lat' dir='ltr'>subruit</span> <span class='ocrx_word' id='word_1_293' title='bbox 1321 4457 1542 4543; x_wconf 89' lang='lat' dir='ltr'>universam,</span> <span class='ocrx_word' id='word_1_294' title='bbox 1555 4461 1625 4532; x_wconf 78' lang='lat' dir='ltr'>vix</span> 
     </span>
     <span class='ocr_line' id='line_1_36' title="bbox 174 4570 1625 4670; baseline -0.001 -23"><span class='ocrx_word' id='word_1_295' title='bbox 174 4599 298 4669; x_wconf 82' lang='lat' dir='ltr'>operae</span> <span class='ocrx_word' id='word_1_296' title='bbox 333 4573 491 4670; x_wconf 90' lang='lat' dir='ltr'>pretium</span> <span class='ocrx_word' id='word_1_297' title='bbox 527 4587 584 4645; x_wconf 90' lang='lat' dir='ltr'>est</span> <span class='ocrx_word' id='word_1_298' title='bbox 619 4573 813 4645; x_wconf 90' lang='lat' dir='ltr'>immorari.</span> <span class='ocrx_word' id='word_1_299' title='bbox 889 4570 960 4644; x_wconf 92' lang='lat' dir='ltr'>Vel</span> <span class='ocrx_word' id='word_1_300' title='bbox 1005 4570 1102 4642; x_wconf 89' lang='lat' dir='ltr'>enim</span> <span class='ocrx_word' id='word_1_301' title='bbox 1146 4570 1368 4666; x_wconf 85' lang='lat' dir='ltr'>gravitatem</span> <span class='ocrx_word' id='word_1_302' title='bbox 1411 4576 1625 4669; x_wconf 89' lang='lat' dir='ltr'>corporibus</span> 
     </span>
     <span class='ocr_line' id='line_1_37' title="bbox 174 4687 1624 4785; baseline -0.001 -20"><span class='ocrx_word' id='word_1_303' title='bbox 174 4692 345 4765; x_wconf 89' lang='lat' dir='ltr'>omnibus</span> <span class='ocrx_word' id='word_1_304' title='bbox 373 4691 526 4763; x_wconf 91' lang='lat' dir='ltr'>inditam</span> <span class='ocrx_word' id='word_1_305' title='bbox 552 4714 636 4762; x_wconf 92' lang='lat' dir='ltr'>esse</span> <span class='ocrx_word' id='word_1_306' title='bbox 671 4688 869 4785; x_wconf 86' lang='lat' dir='ltr'>negabunt,</span> <span class='ocrx_word' id='word_1_307' title='bbox 902 4687 1003 4784; x_wconf 89' lang='lat' dir='ltr'>quod</span> <span class='ocrx_word' id='word_1_308' title='bbox 1031 4702 1154 4759; x_wconf 87' lang='lat' dir='ltr'>tamen</span> <span class='ocrx_word' id='word_1_309' title='bbox 1182 4687 1253 4759; x_wconf 91' lang='lat' dir='ltr'>dici</span> <span class='ocrx_word' id='word_1_310' title='bbox 1282 4713 1355 4759; x_wconf 92' lang='lat' dir='ltr'>non</span> <span class='ocrx_word' id='word_1_311' title='bbox 1382 4706 1529 4784; x_wconf 90' lang='lat' dir='ltr'>potest:</span> <span class='ocrx_word' id='word_1_312' title='bbox 1565 4690 1624 4763; x_wconf 91' lang='lat' dir='ltr'>vel</span> 
     </span>
    </p>
   </div>
   <div class='ocr_carea' id='block_1_3' title="bbox 0 0 2049 5768">
    <p class='ocr_par' dir='ltr' id='par_1_6' title="bbox 0 0 2049 5768">
     <span class='ocr_line' id='line_1_38' title="bbox 0 0 2049 5768; baseline 0 0"><span class='ocrx_word' id='word_1_313' title='bbox 0 0 2049 5768; x_wconf 95' lang='lat' dir='ltr'> </span> 
     </span>
    </p>
   </div>
  </div>
 </body>
</html>
