4088 5768
855 496 997 555 LIBER
1016 496 1199 556 pernen
1690 520 1757 592 147

300 688 349 762 ob
367 686 644 761 similitudinem
662 687 791 786 figurae
817 692 1073 764 evanescentis
1098 693 1137 765 P
1146 719 1172 766 n
1185 718 1205 767 o
1218 719 1289 791 mq
1314 693 1351 768 dt
1376 694 1505 793 figurae
1522 696 1656 769 PFG
1678 696 1717 769 V
1721 698 1755 783 l,

300 807 394 880 ratio
428 803 557 879 ultima
590 804 806 880 lineolarum
836 809 1137 881 evanescentium
1170 811 1264 897 Pm,
1295 811 1379 898 Ρη,
1407 813 1483 898 Ρο,
1515 813 1594 908 Pq,
1624 812 1662 884 id
1690 827 1757 899 est,

300 924 394 997 ratio
427 924 675 998 mutationum
710 940 1052 998 momentanearum
1086 950 1209 998 curvae
1243 927 1284 999 A
1297 929 1344 1014 P,
1380 943 1490 1001 rectae
1524 930 1559 1002 C
1566 930 1613 1015 P,
1637 954 1756 1003 ¹arcus

299 1038 483 1114 circularis
500 1041 591 1132 BP,
611 1066 654 1114 ac
673 1056 782 1114 rectae
810 1041 848 1113 V
845 1042 892 1127 P,
911 1041 1044 1115 eadem
1062 1041 1132 1115 erit
1157 1067 1241 1138 quae
1258 1039 1438 1116 linearum
1454 1044 1544 1131 PV,
1562 1044 1649 1131 PF,
1663 1045 1754 1132 PG,

298 1158 376 1230 Pl
389 1158 603 1253 respective.
659 1159 756 1232 Cum
774 1173 899 1232 autem
926 1156 965 1231 V
969 1160 1010 1231 F
1021 1159 1069 1232 ad
1086 1159 1120 1232 C
1126 1160 1169 1231 F
1180 1158 1216 1232 &
1243 1159 1338 1232 VH
1348 1160 1397 1232 ad
1419 1160 1453 1233 C
1463 1160 1501 1232 V
1511 1159 1754 1256 perpendicu-

299 1273 394 1347 lares
421 1275 503 1362 sint,
531 1274 732 1373 angelique
756 1276 809 1349 H
823 1276 861 1347 V
869 1275 913 1361 G,
951 1276 989 1347 V
997 1277 1032 1349 C
1036 1277 1080 1348 F
1098 1290 1295 1373 propterea
1321 1275 1505 1373 aequales3
1532 1276 1569 1351 8ι
1595 1274 1754 1375 angulus

308 1392 404 1465 VH
412 1393 448 1465 G
467 1392 530 1491 (ob
547 1392 703 1491 angulos
729 1391 966 1490 quadrilateri
991 1393 1044 1466 H
1058 1394 1096 1466 V
1100 1395 1142 1467 E
1149 1396 1188 1466 P
1212 1394 1261 1467 ad
1297 1394 1335 1466 V
1355 1394 1392 1467 81
1407 1396 1447 1468 P
1463 1393 1597 1493 rectos)
1617 1393 1756 1492 angulo

302 1510 338 1582 C
343 1510 385 1580 E
392 1510 432 1582 P
460 1507 613 1605 aequalis
643 1524 709 1596 est,
741 1509 874 1583 similia
904 1525 1012 1584 erunt
1037 1509 1221 1609 triangula
1256 1511 1351 1584 VH
1359 1513 1403 1599 G,
1426 1513 1460 1586 C
1466 1514 1508 1583 E
1515 1513 1553 1584 Ρ
1563 1542 1578 1597 ,·
1604 1512 1641 1585 dc
1666 1511 1754 1585 inde

298 1624 590 1699 fietutEPad
612 1625 763 1700 CEita
782 1628 882 1700 HG
906 1628 954 1701 ad
980 1628 1170 1702 HVseu
1196 1624 1754 1713 HP&itaKIadKP,&

299 1744 506 1838 composite
523 1741 583 1816 vel
601 1742 749 1816 divisim
775 1758 818 1817 ut
847 1745 928 1817 CB
953 1744 1001 1817 ad
1030 1745 1065 1816 C
1071 1746 1113 1816 E
1135 1744 1188 1818 ita
1212 1746 1290 1818 Ρ]
1302 1745 1350 1818 ad
1375 1745 1476 1831 PK,
1496 1743 1533 1816 81
1558 1741 1754 1840 duplicatis

298 1860 612 1956 consequentibus
638 1874 679 1932 ut
707 1861 742 1933 C
750 1860 789 1931 B
814 1860 862 1932 ad
891 1885 910 1932 2
942 1860 977 1931 C
985 1861 1027 1931 E
1053 1861 1104 1932 ita
1120 1861 1198 1933 Ρ]
1218 1861 1267 1933 ad
1292 1863 1331 1934 P
1350 1861 1391 1948 V,
1411 1876 1524 1957 atque
1543 1861 1594 1933 ita
1609 1861 1681 1957 Pq
1704 1859 1754 1932 ad

296 1978 336 2050 P
349 2003 395 2051 m.
452 1978 524 2050 Est
541 1978 652 2075 igitur
669 1977 945 2051 decrementum
971 1974 1078 2048 lineae
1105 1974 1144 2048 V
1148 1977 1194 2063 P,
1214 1977 1252 2049 id
1276 1993 1342 2064 est,
1362 1978 1628 2052 incrementum
1645 1973 1753 2050 lineae

297 2096 337 2167 B
357 2095 433 2167 V-
450 2094 488 2165 V
492 2094 530 2167 P
546 2095 595 2167 ad
613 2094 880 2167 incrementum
898 2091 1005 2166 lineae
1023 2118 1147 2166 curvae
1164 2094 1206 2166 A
1221 2095 1260 2167 P
1277 2094 1314 2166 in
1332 2095 1420 2167 data
1445 2094 1589 2168 ratione
1608 2093 1688 2167 CB
1704 2092 1753 2165 ad

300 2236 318 2283 2
351 2211 386 2285 C
395 2213 444 2296 E,
463 2210 500 2283 u
526 2224 722 2308 propterea
750 2211 832 2309 (per
856 2206 963 2284 corol.
991 2206 1075 2283 lem.
1104 2208 1157 2308 1v)
1182 2208 1433 2309 longitudines
1458 2213 1497 2285 B
1517 2212 1555 2284 V
1557 2253 1593 2268 -
1610 2211 1648 2283 V
1653 2211 1692 2283 P
1717 2207 1754 2282 dt

295 2329 338 2401 A
355 2330 402 2414 Ρ,
421 2329 655 2402 incrementis
683 2327 751 2401 illis
776 2329 923 2427 genitae,
943 2342 1030 2400 sunt
1056 2328 1093 2400 in
1111 2329 1243 2402 eadem
1257 2330 1407 2404 ratione.
1462 2330 1550 2417 Sed,
1570 2329 1753 2402 existente

294 2447 336 2518 B
358 2446 396 2517 V
416 2446 528 2532 radio,
556 2460 614 2518 est
648 2443 687 2518 V
692 2447 731 2517 P
756 2445 919 2518 co-sinus
953 2440 1079 2541 anguli
1103 2444 1143 2515 B
1165 2443 1203 2515 V
1209 2445 1247 2515 P
1272 2470 1338 2518 seu
1367 2445 1389 2525 I
1418 2447 1457 2519 B
1468 2447 1566 2531 ΕΡ,
1594 2445 1753 2540 ideoque

295 2564 336 2635 B
355 2563 393 2635 V
395 2605 432 2618 -
448 2563 486 2635 V
490 2564 528 2634 P
544 2562 647 2635 sinus
664 2588 794 2636 versus
812 2576 870 2635 est
887 2561 1054 2659 ejusdem
1072 2559 1197 2658 anguli
1210 2587 1218 2647 ;
1246 2561 1282 2635 81
1300 2578 1496 2659 propterea
1514 2563 1551 2635 in
1568 2561 1638 2636 hac
1662 2575 1751 2646 rota,

295 2681 401 2778 cujus
418 2679 543 2753 radius
560 2695 619 2753 est
630 2678 652 2758 l
662 2680 702 2751 B
712 2679 753 2765 V,
772 2679 841 2752 erit
856 2680 896 2751 B
906 2678 944 2751 V
945 2721 982 2734 -
999 2678 1069 2750 VP
1084 2675 1220 2773 duplus
1238 2678 1340 2752 sinus
1357 2705 1488 2754 versus
1504 2704 1610 2753 arcus
1627 2678 1649 2758 l
1664 2678 1751 2753 BP.

298 2798 406 2896 Ergo
431 2798 472 2870 A
487 2799 526 2869 Ρ
550 2811 609 2870 est
633 2796 682 2869 ad
707 2792 863 2891 duplum
889 2795 1011 2867 sinum
1036 2820 1187 2868 versum
1212 2821 1318 2870 arcus
1335 2795 1357 2876 l
1372 2797 1461 2870 BP
1486 2812 1528 2870 ut
1555 2822 1574 2869 2
1606 2797 1640 2870 C
1646 2796 1688 2868 E
1703 2793 1751 2867 ad

298 2915 389 2989 CB.
445 2914 489 3004 Q.
503 2914 552 2987 E.
565 2914 616 2988 D.

366 3031 523 3103 Lineam
565 3043 690 3102 autem
731 3027 773 3101 A
793 3030 832 3102 Ρ
873 3029 910 3102 in
953 3030 1206 3126 propositione
1241 3031 1363 3126 priore
1401 3029 1606 3129 cycloidem
1639 3042 1748 3104 extra

295 3149 460 3250 globum,
487 3144 641 3220 alteram
675 3146 712 3219 in
739 3148 943 3243 posteriore
968 3146 1173 3246 cycloidem
1199 3147 1294 3223 intra
1322 3145 1476 3247 globum
1506 3145 1752 3221 distinctionis

295 3267 416 3367 gratia
442 3263 723 3339 nominabimus

368 3383 485 3457 Corol.
511 3406 539 3455 1.
573 3380 675 3454 Hinc
699 3381 731 3454 si
757 3381 987 3455 describatur
1011 3379 1146 3477 cyclois
1173 3382 1317 3478 integra
1339 3382 1382 3454 A
1398 3381 1431 3454 S
1438 3379 1475 3452 L
1503 3380 1540 3453 81
1569 3381 1754 3453 bisecetur

295 3501 396 3576 eain
415 3501 455 3586 S,
474 3499 544 3572 erit
568 3495 761 3597 longitudo
786 3497 901 3595 partis
926 3498 1008 3570 PS
1031 3497 1079 3570 ad
1096 3495 1366 3596 longitudinem
1393 3498 1431 3570 V
1434 3499 1473 3571 P
1492 3496 1590 3596 (quae
1617 3492 1752 3591 duplus

295 3633 354 3692 est
371 3617 473 3690 sinus
491 3613 631 3713 anguli·
650 3615 789 3702 VBP,
808 3615 991 3689 existente
1016 3615 1058 3685 E
1065 3615 1105 3686 B
1121 3613 1238 3713 radio)
1259 3630 1301 3688 ut
1317 3639 1339 3699 ¹2
1362 3615 1397 3688 C
1405 3615 1447 3687 E
1462 3614 1510 3687 ad
1532 3615 1619 3700 CB,
1637 3628 1750 3708 atque

295 3737 381 3809 ideo
400 3734 436 3806 in
455 3733 596 3807 ratione
613 3731 710 3805 data

367 3850 484 3924 Corol.
517 3874 548 3923 2.
592 3849 645 3921 Et
678 3846 873 3946 longitudo
902 3847 1183 3945 semiperimetri
1211 3845 1385 3944 cycloidis
1419 3845 1460 3919 A
1478 3846 1512 3917 S
1542 3845 1751 3941 aequabitur

293 3967 401 4043 lineae
420 3981 540 4055 rectae,
559 3991 644 4062 quae
662 3965 786 4040 estad
804 3980 895 4040 rotae
911 3965 1134 4040 diametrum
1151 3965 1190 4037 B
1212 3965 1250 4037 V
1261 3979 1303 4037 ut
1322 3989 1341 4036 2
1364 3962 1399 4036 C
1406 3963 1448 4035 E
1464 3961 1512 4034 ad
1533 3961 1568 4035 C
1573 3962 1620 4035 B.

448 4243 822 4318 PROPOSITIO
869 4242 911 4316 L.
985 4240 1322 4316 PROBLEMA
1369 4238 1604 4313 XXXIII.

454 4431 589 4504 Facere
612 4439 657 4504 ut
679 4441 809 4526 corpus
823 4428 1031 4528 pendulum
1048 4427 1234 4503 oscillelur
1248 4428 1290 4501 in
1315 4425 1466 4524 cycloz'de
1487 4424 1584 4498 data.

359 4619 465 4692 Intra
491 4616 647 4717 globum
675 4618 710 4708 Q
733 4618 771 4689 V
779 4617 819 4704 S,
838 4631 966 4690 centro
1000 4616 1035 4689 C
1056 4614 1292 4712 descrIptum,
1320 4616 1429 4689 detur
1453 4610 1588 4710 cyclois
1615 4611 1751 4702 QRS

288 4736 431 4811 bisecta
449 4737 486 4809 in
503 4736 543 4809 R
571 4735 606 4809 &
636 4735 781 4832 punctis
809 4735 885 4808 suis
915 4732 1092 4808 extremis
1123 4733 1158 4824 Q
1186 4732 1282 4807 &S
1306 4731 1511 4831 superficiei
1534 4728 1636 4830 globi
1663 4730 1749 4802 hinc

289 4854 377 4929 inde
403 4878 609 4929 occurrens.
678 4851 827 4951 Agatur
854 4851 889 4925 C
899 4852 939 4925 R
963 4850 1133 4925 bisecans
1159 4876 1284 4925 arcum
1313 4850 1397 4942 QS
1420 4849 1457 4922 in
1485 4850 1528 4938 O,
1548 4847 1585 4922 8t
1611 4847 1746 4944 produ-

288 4985 392 5044 catur
427 4995 474 5044 ea
507 4969 555 5043 ad
590 4969 643 5055 A,
672 4983 713 5041 ut
743 4968 791 5041 sit
819 4968 907 5042 CA
938 4967 986 5041 ad
1019 4967 1099 5041 CO
1129 4982 1170 5040 ut
1208 4966 1364 5040 COad
1394 4966 1489 5040 CR.
1546 4964 1686 5036 Centro
1718 4961 1752 5034 C
