4088 5768
767 545 907 602 LIBER
929 546 1180 605 SECUNDUS.
1476 563 1479 570 ·
1631 567 1701 639 337

243 735 479 809 velocitatem
511 735 702 809 relativam
729 763 837 834 aquae
864 739 1124 812 descendentis
1160 765 1233 836 qua
1268 740 1484 835 praeterfluit
1518 739 1702 813 circellum

244 854 518 938 ascendentem,
555 869 596 925 ut
630 854 837 927 differentia
871 855 1087 931 circulorum
1123 858 1215 930 EF
1248 857 1283 928 ἃ
1322 858 1408 947 PQ
1448 858 1495 930 ad
1528 856 1702 930 circulum

244 972 339 1055 EF,
371 971 451 1042 sive
483 985 524 1042 ut
553 971 595 1042 E
603 972 645 1043 F
648 972 839 1068 q-PQq
869 973 916 1045 ad
948 974 989 1045 E
998 975 1039 1045 F
1043 1001 1075 1070 q.
1147 974 1205 1046 Sit
1241 971 1301 1045 illa
1335 972 1512 1046 velocitas
1549 973 1702 1046 relativa

246 1085 399 1182 aequalis
433 1085 630 1175 velocitati,
667 1113 741 1182 qua
775 1114 887 1183 supra
924 1104 1115 1163 ostensum
1160 1106 1217 1162 est
1259 1116 1394 1185 aquam
1439 1091 1593 1162 transire
1636 1115 1704 1186 per

247 1204 345 1277 idem
381 1204 540 1299 spatium
575 1202 752 1277 annulare
787 1207 876 1277 dum
911 1206 1075 1280 circellus
1111 1209 1250 1280 interea
1286 1209 1459 1281 immotus
1495 1224 1628 1293 manet,
1666 1208 1702 1281 id

246 1336 312 1404 est,
328 1317 513 1392 velocitati
533 1345 644 1414 quam
659 1345 756 1415 aqua
774 1322 943 1395 cadendo
962 1321 997 1394 81
1015 1348 1101 1395 casu
1120 1348 1188 1395 suo
1206 1323 1451 1396 describendo
1469 1321 1701 1396 altitudinem

246 1439 275 1511 Ι
288 1439 323 1510 G
349 1439 538 1533 acquirere
565 1453 712 1532 potest:
741 1438 776 1511 8ι
802 1439 859 1511 vis
878 1464 985 1535 aquae
1005 1440 1041 1512 in
1068 1438 1253 1513 circellum
1279 1441 1542 1513 ascendentem
1569 1440 1701 1512 eadem

247 1558 316 1630 erit
359 1582 401 1628 ac
445 1557 563 1652 prius
591 1558 672 1653 (per
709 1556 834 1654 legum
873 1557 982 1632 corol.
1027 1557 1065 1656 v)
1111 1559 1148 1631 id
1199 1574 1264 1645 est,
1310 1560 1518 1633 resistentia
1569 1556 1701 1631 circelli

221 1674 481 1750 ‚ascendentis
510 1673 578 1745 erit
606 1674 653 1746 ad
683 1675 829 1769 pondus
857 1672 1010 1768 cylindri
1042 1701 1150 1772 aquae
1181 1677 1284 1772 cujus
1315 1677 1414 1749 basis
1449 1691 1506 1749 est
1537 1673 1702 1749 circellus

249 1789 307 1864 ille
327 1787 536 1862 &altitudo
554 1790 690 1868 esti]
700 1792 743 1874 G,
763 1793 862 1863 utE
869 1793 910 1863 F
916 1819 940 1888 q
965 1792 1013 1864 ad
1039 1793 1081 1864 E
1092 1794 1134 1865 F
1139 1793 1700 1889 q-lPQqquamproxime.

250 1904 439 1979 Velocitas
466 1921 589 1978 autern
625 1907 757 1980 circelli
793 1907 862 1980 erit
896 1908 944 1980 ad
979 1907 1224 1993 velocitatem,
1256 1933 1368 2003 quam
1403 1935 1500 2005 aqua
1535 1909 1703 1983 cadendo

251 2023 287 2095 8t
313 2048 399 2094 casu
426 2047 494 2094 suo
520 2022 765 2097 describendo
791 2023 1023 2097 altitudinem
1040 2026 1069 2097 I
1079 2025 1115 2097 G
1140 2024 1303 2120 acquirit,
1324 2042 1363 2098 ut
1386 2026 1428 2097 E
1438 2028 1480 2098 F
1486 2053 1509 2123 q
1526 2069 1562 2081 -
1579 2025 1705 2120 PQq

250 2148 297 2220 ad
316 2149 357 2219 E
368 2148 409 2219 F
413 2174 445 2243 q.

319 2263 516 2361 Augeatur
542 2261 748 2358 amplitudo
776 2261 913 2336 canalis
943 2266 979 2336 in
1009 2266 1215 2337 inlinitum:
1248 2265 1284 2337 82
1315 2266 1475 2338 rationes
1508 2263 1578 2337 illae
1611 2265 1706 2337 inter

226 2464 229 2468 ‚
251 2379 509 2475 EFq-PQq
527 2379 563 2451 ἃ
580 2381 621 2451 E
624 2380 696 2474 Fq,
717 2379 885 2475 interque
903 2381 1001 2477 EFq
1019 2380 1054 2452 81
1073 2381 1170 2476 EFq
1193 2381 1364 2476 -aPQq
1380 2382 1557 2453 accedent
1575 2378 1705 2454 ultimo

251 2500 298 2572 ad
318 2500 478 2573 rationes
496 2498 725 2595 aequalitatis
800 2499 852 2572 Et
877 2517 1073 2595 propterea
1099 2498 1275 2572 velocitas
1302 2498 1434 2572 circelli
1461 2525 1506 2572 ea
1524 2525 1620 2572 nunc
1638 2501 1708 2573 erit

251 2641 363 2712 quam
382 2641 479 2712 aqua
497 2615 664 2688 cadendo
684 2614 719 2687 81
737 2640 822 2687 casu
842 2641 909 2688 suo
927 2616 1170 2688 describendo
1188 2614 1419 2688 altitudinem
1437 2617 1466 2688 I
1466 2617 1501 2689 G
1518 2617 1708 2712 acquirere

252 2751 384 2833 potest,
418 2736 625 2807 resistentia
656 2759 745 2806 vero
776 2735 856 2830 ejus
883 2732 1036 2829 aequalis
1065 2733 1200 2806 evadet
1229 2734 1383 2829 ponderi
1415 2733 1568 2829 cylindri
1604 2737 1707 2831 cujus

251 2856 351 2930 basis
382 2871 439 2927 est
469 2852 633 2927 circellus
666 2852 724 2926 ille
756 2853 792 2925 ἃ
822 2851 978 2925 altitudo
1013 2852 1206 2924 dimidium
1241 2867 1299 2924 est
1326 2850 1529 2925 altitudinis
1563 2853 1592 2924 I
1605 2852 1649 2938 G,
1685 2877 1708 2923 a

252 2999 327 3068 qua
345 2970 531 3066 cylindrus
550 2971 681 3043 cadere
699 2971 811 3042 debet
824 2986 865 3041 ut
879 2967 1112 3043 velocitatem
1126 2967 1258 3042 circelli
1276 2969 1511 3041 ascendentis
1529 2971 1708 3064 acquirat;

253 3094 289 3168 81
308 3094 376 3166 hac
395 3091 590 3165 velocitate
609 3089 802 3185 cylindrus
823 3104 990 3183 tempore
1007 3088 1174 3176 cadendi,
1194 3085 1441 3183 quadruplum
1468 3084 1709 3183 longitudinis

252 3236 331 3284 suae
351 3210 544 3282 describet.
618 3207 844 3279 Resistentia
870 3222 994 3279 autem
1013 3204 1177 3301 cylindri,
1197 3205 1265 3277 hac
1292 3203 1488 3278 velocitate
1506 3205 1708 3277 secundum

252 3326 524 3425 longitudinem
551 3352 656 3398 suam
683 3325 963 3421 progredientis,
991 3325 1122 3397 eadem
1149 3339 1206 3397 est
1232 3349 1315 3395 cum
1343 3323 1550 3396 resistentia
1576 3321 1708 3395 circelli

256 3444 338 3544 (per
371 3443 507 3517 lemma
541 3441 593 3540 1v)
631 3443 789 3539 ideoque
823 3440 976 3537 aequalis
1011 3458 1068 3514 est
1102 3442 1139 3513 vi
1175 3467 1248 3536 qua
1287 3456 1408 3514 motus
1443 3442 1532 3537 ejus,
1570 3442 1709 3514 interea

253 3562 344 3634 dum
396 3558 656 3656 quadruplum.
695 3556 935 3655 longitudinis
987 3583 1064 3630 suae
1115 3557 1299 3641 describit,
1351 3558 1519 3653 generari
1583 3572 1709 3653 potest

253 3675 543 3772 quamproxime.

322 3790 364 3863 Si
396 3788 588 3886 longitudo
619 3786 771 3884 cylindri
804 3803 983 3885 augeatur
1012 3785 1072 3859 vel
1104 3788 1314 3860 minuatur:
1346 3805 1467 3860 motus
1498 3788 1579 3885 ejus
1605 3803 1647 3860 ut
1673 3787 1709 3859 81

253 3924 412 4002 tempus,
445 3931 519 4001 quo
550 3903 797 4001 quadruplum
833 3902 1072 4001 longitudinis
1103 3929 1180 3976 suae
1211 3904 1395 3988 describit,
1427 3904 1624 4002 augebitur
1649 3901 1708 3975 vel

253 4025 441 4097 minuetur
467 4022 503 4092 in
529 4021 662 4092 eadem
689 4021 852 4107 ratione;
881 4021 1039 4115 ideoque
1065 4020 1122 4092 vis
1150 4018 1220 4110 illa,
1243 4045 1317 4116 qua
1343 4036 1466 4093 motus
1492 4036 1622 4093 auctus
1648 4016 1707 4091 vel

253 4140 468 4222 diminutus,
500 4152 667 4232 tempore
698 4137 835 4231 pariter
868 4153 976 4209 aucto
1011 4134 1071 4209 vel
1107 4137 1300 4225 diminut0,
1331 4138 1499 4234 generari
1535 4134 1595 4209 vel
1631 4134 1707 4208 tolli

253 4255 381 4353 possit,
403 4278 475 4326 non
504 4252 723 4336 mutabitur;
751 4277 793 4323 ac
820 4251 975 4346 proinde
1002 4251 1204 4324 etiamnum
1231 4252 1383 4348 aequalis
1409 4269 1466 4324 est
1493 4251 1709 4325 resistentiae

253 4372 420 4471 cylindri,
439 4396 525 4443 nam
545 4371 581 4443 81
599 4370 679 4443 haec
697 4394 846 4465 quoque
865 4370 1058 4442 immutata
1076 4386 1201 4442 manet
1218 4396 1286 4466 per
1306 4368 1440 4442 lemma
1459 4394 1505 4443 1v.

298 4490 364 4568 .Si
383 4489 547 4561 densitas
566 4486 719 4583 cylindri
738 4502 918 4584 augeatur
942 4485 1002 4560 vel
1030 4489 1241 4560 minuatur:
1269 4505 1391 4561 motus
1417 4489 1496 4584 ejus
1524 4503 1564 4560 ut
1591 4488 1627 4560 8t
1652 4488 1709 4559 vis

253 4631 329 4703 qua
346 4620 470 4677 motus
489 4604 621 4677 eodem
641 4620 807 4698 tempore
825 4604 994 4700 generari
1012 4601 1071 4674 vel
1100 4601 1175 4674 tolli
1203 4618 1336 4699 potest,
1357 4604 1391 4675 in
1410 4604 1542 4677 eadem
1569 4603 1711 4676 ratione

253 4721 452 4819 augebitur
486 4718 545 4792 vel
582 4719 776 4791 minuetur.
850 4718 1077 4791 Resistentia
1112 4717 1237 4812 itaque
1272 4716 1426 4814 cylindri
1461 4722 1711 4817 cujuscunque

253 4843 324 4915 erit
366 4840 414 4914 ad
460 4839 536 4911 vim
581 4863 655 4933 qua
702 4852 801 4911 totus
845 4839 924 4934 ejus
966 4851 1097 4922 motus
1144 4835 1284 4909 interea
1328 4836 1417 4908 dum
1462 4832 1710 4932 quadruplum

971 5025 995 5073 ll
