4110 5782
414 433 484 518 326
891 430 957 486 aa
978 430 1116 490 Moru
1135 431 1312 491 corpore
1320 432 1391 490 aar
1430 520 1434 526 .

410 625 480 697 erit
508 625 544 697 in
572 625 704 697 eadem
733 624 875 697 ratione
903 624 1077 697 mediocri
1107 624 1201 697 inter
1217 626 1473 726 *resistentiam
1502 630 1538 701 in
1568 631 1687 727 primo
1716 658 1802 704 casu
1830 632 1866 706 &

287 795 292 804 .
411 741 654 814 resistentiam
674 742 710 814 in
729 742 901 815 secundo.
958 742 1002 831 Q.
1016 743 1111 815 ΕΙ.

481 860 596 933 Corol.
623 883 650 931 1.
683 858 783 931 Hinc
801 857 832 930 si
857 857 1046 957 globus&
1069 858 1258 954 particulae
1275 861 1349 932 sint
1375 860 1516 935 infinite
1534 864 1635 950 dura,
1656 863 1692 937 81
1710 867 1747 938 vi
1765 868 1866 939 omni

410 972 560 1048 elastica
586 974 844 1072 &propterea
870 978 985 1049 etiam·
1000 978 1037 1049 vi
1064 978 1165 1050 omni
1192 976 1400 1050 reflexionis
1427 978 1630 1054 destituta:
1659 983 1867 1057 resistentia

407 1089 509 1188 globi
528 1092 597 1165 erit
614 1092 661 1164 ad
680 1094 756 1165 vim
775 1119 849 1190 qua
867 1109 966 1167 totus
983 1094 1062 1190 ejus
1081 1109 1204 1166 motus
1222 1091 1281 1166 vel
1303 1093 1436 1167 auserri
1464 1099 1581 1192 possit
1599 1097 1659 1172 vel
1685 1103 1864 1197 generari,

408 1233 484 1305 quo
502 1224 669 1306 tempore
693 1210 827 1308 globus
846 1227 1005 1308 quatuor
1022 1211 1148 1283 tertias
1175 1226 1298 1306 partes
1325 1212 1495 1286 diametri
1522 1241 1600 1288 suae
1623 1216 1806 1304 describit,
1826 1233 1867 1290 ut

408 1326 573 1400 densitas
592 1328 703 1401 medii
722 1329 768 1400 ad
787 1328 1009 1400 densitatem
1026 1326 1137 1425 globi.

479 1446 647 1520 Corol.2.
679 1444 905 1517 Resistentia
920 1441 1032 1541 globi,
1051 1444 1193 1516 caeteris
1211 1443 1370 1539 paribus,
1389 1461 1447 1518 est
1465 1446 1502 1518 in
1520 1446 1706 1545 duplicata
1724 1449 1866 1522 ratione

408 1551 622 1636 velocitatis

478 1680 594 1752 Corol.
618 1704 647 1774 3
678 1678 904 1754 Resistentia
920 1677 1033 1776 globi,
1052 1679 1194 1751 caeteris
1212 1678 1370 1775 paribus
1389 1693 1447 1751 est
1465 1680 1501 1752 in
1519 1678 1706 1776 duplicata
1724 1683 1865 1756 ratione

408 1794 587 1871 diametri.

477 1915 647 2006 Corol.4
679 1914 905 1988 Resistentia
921 1912 1032 2012 globi,
1052 1911 1194 1986 caeteris
1212 1912 1370 2008 paribus,
1390 1927 1448 1986 est
1465 1929 1506 1985 ut
1523 1914 1688 1988 densitas
1706 1916 1828 1989 medii.
1904 2004 1906 2008 y
2034 1924 2041 1935 '

476 2034 592 2107 Corol.
615 2054 645 2126 5.
678 2031 904 2106 Resistentia
941 2029 1042 2129 globi
1077 2044 1135 2103 est
1173 2030 1209 2102 in
1250 2029 1392 2102 ratione
1430 2056 1515 2125 quae
1550 2033 1784 2127 componitur
1817 2059 1865 2106 ex

405 2146 592 2244 duplicata
619 2149 761 2222 ratione
787 2147 993 2221 velocitatis
1020 2145 1265 2242 &duplicata
1295 2147 1436 2220 ratione
1462 2147 1631 2221 diametri
1660 2149 1696 2221 81
1723 2151 1863 2223 ratione

405 2264 599 2338 densitatis
618 2265 739 2339 medii.

476 2384 592 2456 Corol.
615 2389 647 2456 6.
677 2383 729 2455 Et
755 2397 878 2455 motus
902 2380 1004 2479 globi
1031 2407 1114 2454 cum
1142 2381 1221 2478 ejus
1248 2380 1458 2453 resistentia
1482 2380 1544 2453 sic'
1563 2381 1700 2476 exponi
1727 2398 1859 2477 potest.

404 2499 464 2573 Sit
479 2500 520 2571 A
534 2500 573 2571 B
591 2515 737 2594 tempus
764 2525 839 2594 quo
863 2496 998 2596 globus
1024 2524 1092 2594 per
1112 2497 1358 2571 resistentiam
1384 2520 1489 2567 suam
1521 2495 1753 2571 uniformiter
1777 2524 1861 2571 con-

403 2614 582 2687 tinuatam
611 2631 730 2688 totum
758 2640 866 2687 suum
895 2630 1037 2687 motum
1068 2615 1236 2687 amittere
1264 2627 1396 2709 potest.
1465 2612 1529 2684 Ad
1557 2614 1646 2685 AB
1673 2614 1863 2710 erigantur

402 2731 666 2826 perpendicula
684 2732 783 2817 AD,
801 2733 840 2804 B
849 2733 887 2804 C
942 2730 1075 2826 Sitque
1093 2730 1131 2801 B
1139 2730 1172 2801 C
1187 2745 1309 2802 motus
1333 2727 1393 2803 ille
1411 2744 1520 2816 totuS,
1541 2730 1577 2802 81
1600 2756 1667 2826 per
1684 2749 1861 2826 punctum

406 2847 441 2921 C
455 2848 676 2944 asymptotis
693 2848 733 2920 A
743 2848 795 2937 D,
814 2848 855 2919 A
864 2847 903 2919 B
919 2845 1148 2919 describatur
1168 2842 1371 2940 hyperbola
1391 2846 1470 2918 CF.
1529 2846 1757 2963 Producatur
1772 2848 1861 2919 AB

402 2964 449 3038 ad
480 2980 657 3060 punctum
688 2964 848 3061 quodvis
878 2964 924 3038 E.
990 2962 1167 3059 Erigatur
1193 2987 1320 3091 per-D

400 3079 637 3175 pendiculum
648 3082 730 3154 EF
737 3078 950 3177 hyperbolae
964 3103 1158 3153 occurrens
1177 3080 1213 3151 in
1227 3042 1320 3151 ΕΙ)

402 3196 643 3293 Compleatur
680 3195 1064 3294 parallelogrammum
1105 3197 1139 3269 C
1139 3197 1224 3269 BE
1228 3197 1273 3281 G
1340 3271 1350 3287 ,

346 3392 347 3396 ,
402 3314 439 3388 81
464 3331 597 3449 agatur
621 3316 711 3388 AF
731 3316 799 3410 ipsi
827 3316 909 3388 BC
930 3338 1126 3388 occurrens
1153 3314 1189 3386 in
1215 3314 1270 3386 H.

404 3433 511 3506 Et
482 3459 512 3506 s1
538 3432 671 3566 globus
698 3449 864 3528 tempore
891 3431 1025 3526 quovis
1050 3430 1141 3516 BE,
1170 3448 1271 3504 motu

400 3576 469 3626 suo
495 3552 614 3647 primo
637 3552 676 3624 B
684 3553 718 3625 C
736 3549 966 3622 uniformiter
989 3548 1211 3636 continuato,
1235 3551 1328 3688 inA

401 3669 526 3743 medio
557 3694 631 3742 non
662 3669 857 3741 resistente
892 3666 1076 3738 describat
1110 3645 1328 3761 spatiumA

403 3786 437 3861 C
444 3787 483 3859 B
493 3787 533 3858 E
544 3786 580 3858 G
614 3810 681 3881 per
719 3809 842 3857 aream
881 3780 1214 3879 parallelogrammi
1253 3789 1473 3884 expositum,
1515 3787 1613 3860 idem
1654 3788 1691 3859 in
1731 3787 1854 3860 medio

399 3905 593 3977 resistente
611 3903 795 3975 describet
812 3902 973 3996 spatium
996 3901 1030 3972 C
1030 3903 1114 3974 BE
1117 3902 1158 3970 F
1173 3896 1241 3998 per
1257 3931 1381 3979 aream
1400 3902 1614 4000 hyperbolae
1633 3904 1853 4000 expositum,

400 4021 576 4094 &motus
603 4020 682 4116 ejus
709 4019 746 4090 in
774 4018 846 4089 fine
873 4019 1050 4112 temporis
1077 4017 1171 4091 illius
1198 4037 1404 4116 exponetur
1429 4045 1496 4115 per
1521 4018 1736 4115 hyperbolae
1755 4019 1852 4091 ordi-

398 4153 523 4210 natam
541 4137 629 4222 EF,
648 4136 784 4207 amissa
803 4149 925 4206 motus
943 4135 1023 4231 ejus
1048 4151 1153 4230 parte
1171 4138 1212 4207 F
1214 4138 1256 4211 G.
1311 4138 1364 4210 Et
1382 4138 1591 4209 resistentia
1609 4138 1689 4233 ejus
1716 4137 1752 4207 in
1780 4134 1853 4207 fine

397 4255 573 4350 temporis
592 4253 757 4350 ejusdem
776 4267 984 4347 exponetur
1000 4278 1067 4348 per
1082 4250 1350 4349 longitudinem
1368 4253 1461 4337 BH,
1481 4252 1617 4324 amissa
1635 4250 1852 4323 resistentiae

397 4386 502 4468 parte
524 4370 613 4442 CH.
671 4367 804 4441 Patent
822 4368 902 4440 haec
920 4369 1044 4441 omnia
1061 4392 1129 4463 per
1145 4367 1252 4443 corol.
1279 4394 1291 4440 1
1316 4369 1351 4442 8r
1372 4395 1392 4462 3
1411 4394 1514 4464 prop.
1536 4395 1561 4441 v
1579 4367 1639 4441 lib.
1664 4369 1714 4439 ΙΙ.

468 4487 583 4560 Corol.
608 4506 635 4578 7.
668 4485 769 4557 Hinc
787 4487 818 4558 si
835 4483 969 4582 globus
987 4500 1155 4580 tempore
1175 4483 1209 4555 T
1228 4509 1295 4579 per
1308 4485 1553 4558 resistentiam
1575 4482 1853 4556 Runiformiter

396 4601 647 4677 continuatam
675 4604 821 4675 amittat
847 4618 988 4676 motum
1016 4627 1124 4674 suum
1151 4616 1270 4674 totum
1300 4601 1367 4676 M:
1399 4601 1497 4673 idem
1522 4598 1656 4697 globus
1683 4615 1851 4693 tempore

395 4730 412 4792 t
442 4720 478 4793 in
507 4719 630 4793 medio
665 4720 868 4804 resistente,
900 4743 968 4813 per
1002 4716 1246 4791 resistentiam
1284 4717 1363 4788 R
1355 4743 1391 4789 m
1426 4713 1612 4810 duplicata
1645 4711 1850 4786 velocitatis

396 4885 537 4958 ratione
575 4884 861 4967 decrescentem,
897 4881 1042 4954 amittet
1081 4897 1202 4954 motus
1242 4881 1299 4953 sui
1340 4880 1381 4951 M
1423 4893 1565 4974 partem
1601 4812 1737 5014 ‘Ti-M?
1774 4901 1849 4948 ma·
