4088 5768
660 393 882 453 EDITORIS
900 392 1149 452 PRAEFATIO.
1574 391 1638 463 xlx

184 593 295 667 dibus
322 587 457 664 nostris
484 602 635 676 remota,
654 602 874 684 perventum
892 586 1010 660 suerit.
1083 586 1270 660 Convenit
1284 589 1362 685 jam
1389 586 1485 661 inter
1509 614 1639 663 omnes

183 708 425 808 philosophos
459 731 614 802 corpora
648 706 821 779 universa
851 705 1175 796 circumterrestria
1204 706 1390 801 gravitate
1422 707 1458 779 in
1492 723 1636 782 terram.

186 824 300 898 Nulla
337 823 417 896 dari
452 848 607 918 corpora
640 847 728 895 vere
763 820 860 894 levia
888 820 1110 918 jamdudum
1146 821 1378 894 confirmavit
1412 825 1640 920 experientia

183 940 385 1038 multiplex
457 936 873 1032 Quaediciturlevitas
901 935 1063 1023 relativa,
1091 953 1250 1011 nonest
1279 965 1368 1012 vera
1402 938 1543 1027 levitas,
1572 941 1640 1014 sed

183 1085 368 1158 apparens
395 1056 650 1144 solummodo;
690 1055 727 1129 8r
761 1056 876 1129 oritur
909 1081 932 1128 a
965 1055 1206 1152 praepollente
1231 1059 1415 1155 gravitate
1446 1085 1641 1156 corporum

184 1179 452 1276 contiguorum.

255 1296 380 1382 Porro,
397 1308 439 1366 ut
467 1317 622 1388 corpora
649 1291 822 1363 universa
842 1290 1030 1387 gravitent
1057 1291 1093 1363 in
1121 1306 1265 1377 terram,
1286 1292 1336 1394 ita
1361 1309 1458 1366 terra
1479 1295 1641 1368 vicissim

185 1415 222 1486 in
241 1436 396 1507 corpora
415 1407 606 1506 aequaliter
621 1398 805 1505 gravitat3
829 1408 1022 1504 gravitatis
1041 1408 1139 1480 enim
1158 1408 1340 1481 actionem
1366 1436 1449 1484 esse
1475 1428 1641 1486 mutuam

185 1531 222 1605 dr
245 1531 419 1626 utrinque
437 1526 620 1624 aequalem
646 1527 698 1599 sic
716 1526 931 1600 ostenditur.
947 1572 950 1580 ·
989 1525 1251 1622 Distinguatur
1268 1544 1375 1601 terrae
1394 1530 1506 1602 totius
1525 1529 1641 1604 moles

186 1650 223 1721 in
252 1648 359 1721 binas
387 1670 627 1742 quascunque
652 1659 790 1739 partes,
819 1641 879 1716 vel
910 1641 1072 1739 aequales
1102 1642 1164 1716 vel
1196 1659 1385 1741 utcunque
1416 1647 1640 1744 inaequales:

167 1844 170 1848 ³
181 1767 261 1864 jam
289 1765 320 1836 si
349 1762 517 1859 pondera
543 1761 704 1856 partium
732 1785 806 1833 non
833 1776 958 1832 essent
988 1760 1024 1831 in
1056 1785 1097 1832 se
1128 1775 1257 1833 mutuo
1285 1761 1461 1858 aequalia;
1494 1765 1643 1839 cederet

186 1882 336 1979 pondus
355 1881 476 1952 minus
494 1879 633 1976 majori,
655 1878 832 1973 &partes
851 1878 1056 1974 conjunctae
1083 1896 1281 1976 pergerent
1308 1899 1407 1955 recta
1425 1885 1565 1956 moveri
1593 1884 1641 1956 ad

188 2002 381 2085 infinitum,
397 2023 527 2072 versus
546 1995 694 2095 plagam
709 1996 745 2068 in
764 2021 876 2091 quam
894 1996 1015 2068 tendit
1032 1996 1178 2092 pondus
1196 1999 1329 2095 majus:
1347 2000 1498 2073 omnino
1516 2017 1645 2074 contra

188 2120 466 2218 experientiam.
541 2118 673 2212 ltaque
699 2115 897 2188 dicendum
924 2115 994 2187 erit
1022 2114 1189 2210 pondera
1206 2117 1364 2211 partium
1384 2118 1420 2190 in
1439 2118 1644 2215 aequilibrio

188 2266 271 2314 esse
290 2239 512 2313 constituta:
540 2235 610 2308 hoc
628 2249 693 2320 est,
712 2233 905 2331 gravitatis
924 2233 1106 2306 actionem
1125 2259 1207 2306 esse
1233 2251 1398 2307 mutuam
1419 2236 1455 2308 82
1472 2238 1644 2334 utrinque

188 2354 380 2453 aequalem.

244 2472 415 2545 Pondera
444 2494 649 2565 corporum,
682 2466 874 2564 aequaliter
901 2493 924 2540 a
951 2482 1078 2541 centro
1106 2483 1213 2541 terrae
1241 2468 1466 2556 distantium,
1493 2487 1581 2544 sunt
1605 2488 1647 2547 ut

188 2590 418 2687 quantitates
436 2586 601 2659 materiae
620 2585 656 2657 in
675 2585 899 2680 corporibus,
975 2584 1061 2657 Hoc
1087 2586 1215 2681 utique
1241 2584 1424 2683 colligitur
1449 2613 1496 2660 ex
1514 2588 1647 2685 aequali

189 2705 457 2780 acceleratione
500 2727 696 2797 corporum
739 2702 914 2786 omnium,
959 2727 980 2774 e
1023 2703 1148 2798 quiete
1191 2728 1258 2798 per
1299 2705 1506 2798 ponderum
1549 2706 1648 2779 vires

189 2823 402 2897 cadentium
423 2849 430 2894 :
458 2845 544 2892 nam
562 2819 661 2892 vires
680 2819 814 2914 quibus
833 2817 1029 2915 inaequalia
1046 2844 1199 2914 corpora
1227 2818 1419 2915 aequaliter
1443 2820 1647 2894 acceleran-

190 2956 261 3028 tur,
282 2940 422 3012 debent
439 2963 522 3011 esse
541 2934 833 3033 proportionales
847 2937 1114 3033 quantitatibus
1128 2939 1291 3010 materiae
1305 2938 1510 3012 movendae.
1563 2939 1649 3034 Jam

190 3083 282 3130 vero
314 3080 469 3151 corpora
499 3054 673 3126 universa
703 3053 873 3126 cadentia
907 3052 1098 3150 aequaliter
1131 3053 1324 3127 accelerari
1364 3080 1411 3127 ex
1451 3081 1496 3129 eo
1535 3071 1647 3151 patet,

192 3174 294 3271 quod
315 3173 351 3244 in
369 3197 489 3244 vacuo
506 3171 689 3266 Boyliano
706 3171 934 3265 temporibus
952 3169 1155 3266 aequalibus
1174 3171 1330 3268 aequalia
1344 3173 1463 3268 spatia
1481 3173 1650 3247 cadendo

193 3290 417 3373 describunt,
462 3285 608 3359 sublata
650 3285 788 3359 scilicet
838 3287 933 3360 a'e'ris
985 3288 1216 3361 resistentia:
1268 3290 1472 3361 accuratius
1523 3305 1648 3363 autem

193 3407 456 3503 comprobatur
473 3430 540 3501 per
558 3405 812 3500 experimenta
829 3402 1082 3499 pendulorum.

261 3524 372 3597 Vires
400 3523 604 3595 attractivae
632 3546 838 3616 corporum,
859 3522 895 3593 in
924 3520 1127 3617 aequalibus
1151 3523 1343 3608 distantiis
1362 3540 1449 3597 sunt
1467 3539 1507 3596 ut
1533 3550 1647 3620 quan-

193 3645 318 3716 titates
337 3641 502 3715 materiae
523 3641 559 3713 in
578 3640 801 3736 corporibus
876 3638 977 3711 Nam
995 3665 1077 3711 cum
1097 3665 1251 3736 corpora
1273 3641 1461 3714 interram
1490 3641 1526 3713 82
1553 3657 1649 3714 terra

193 3759 356 3832 vicissim
377 3758 413 3830 in
438 3782 593 3853 corpora
619 3757 816 3831 momentis
843 3755 1046 3852 aequalibus
1071 3758 1277 3854 gravitent;
1305 3773 1412 3830 terrae
1439 3758 1585 3853 pondus
1612 3759 1648 3830 in

193 3875 487 3970 unumquodque
515 3900 657 3970 corpuS,
677 3900 742 3948 seu
761 3876 818 3947 vis
845 3901 918 3972 qua
944 3902 1076 3972 corpus
1103 3892 1238 3950 terram
1264 3877 1423 3962 attrahit,
1443 3878 1650 3973 aequabitur

195 3991 351 4088 ponderi
382 3991 545 4086 corporis
574 3991 741 4089 ejusdem
770 3993 806 4065 in
836 4009 979 4066 terram.
1051 3993 1136 4067 Hoc
1167 4008 1289 4065 autem
1326 3992 1472 4087 pondus
1502 4009 1581 4066 erat
1608 4010 1650 4067 ut

195 4107 383 4203 quantitas
406 4106 569 4179 materiae
598 4108 633 4178 in
661 4132 837 4203 corpore:
866 4109 990 4205 itaque
1017 4110 1074 4182 vis
1100 4134 1173 4205 qua
1199 4134 1331 4205 corpus
1358 4111 1649 4207 unumquodque

194 4242 331 4299 terram
358 4223 517 4309 attrahit,
546 4224 626 4297 sive
652 4226 814 4320 corporis
841 4227 898 4299 vis
924 4225 1102 4312 absoluta,
1134 4227 1203 4298 erit
1230 4242 1271 4298 ut
1301 4226 1432 4299 eadem
1463 4229 1649 4324 quantitas

194 4342 370 4415 materiae.

264 4457 395 4530 Oritur
424 4482 515 4555 ergo
544 4457 841 4554 &componitur
874 4460 931 4532 vis
965 4460 1159 4533 attractiva
1194 4485 1387 4557 corporum
1423 4463 1650 4561 integrorum

193 4603 243 4650 ex
274 4576 415 4648 viribus
446 4576 650 4649 attractivis
681 4577 863 4671 partium:
901 4577 1084 4673 siquidem
1120 4592 1227 4650 aucta
1261 4577 1320 4650 vel
1348 4580 1528 4654 diminuta
1554 4581 1651 4656 mole

195 4692 364 4766 materiae
411 4708 602 4765 ostensum
647 4707 704 4765 est
744 4691 1065 4788 proportionaliter
1108 4693 1234 4790 augeri
1281 4694 1339 4767 vel
1383 4696 1537 4769 diminui
1572 4700 1652 4795 ejus

195 4809 386 4881 virtutem.
458 4808 571 4882 Actio
606 4809 730 4904 itaque
766 4807 903 4882 telluris
934 4836 980 4882 ex
1015 4809 1219 4907 conjunctis
1253 4811 1412 4906 partium
1448 4813 1652 4890 actionibus
