4088 5768
837 371 979 433 110011
1003 353 1205 434 rannus
1676 395 1751 468 477

291 592 368 664 quo
398 566 513 663 ipsius
544 567 632 642 nodi
663 594 729 642 seu
757 585 895 666 puncta
922 569 1193 668 aequinoctialia
1223 571 1491 668 regrediuntur,
1522 596 1606 644 curn
1636 570 1751 671 globo

291 686 561 759 communicet:
601 701 724 759 motus
752 688 815 783 qui
847 688 1000 761 restabit
1028 689 1065 761 in
1100 686 1238 762 annulo
1272 688 1342 761 erit
1372 688 1421 760 ad
1456 688 1571 783 ipsius
1607 706 1750 763 motum

290 803 461 900 priorem,
480 818 522 875 ut
551 826 652 897 4590
682 804 729 876 ad
757 807 928 897 489813;
957 804 993 878 &
1018 820 1216 902 propterea
1241 821 1365 878 motus
1391 822 1612 902 punctorum
1636 808 1749 903 aequi-

291 919 503 994 noctialium
527 921 752 994 diminuetur
778 921 814 993 in
842 922 973 995 eadem
1001 923 1151 996 ratione.
1208 923 1292 995 Erit
1319 922 1431 1021 igitur
1457 940 1579 997 motus
1605 950 1751 997 annuus

290 1053 511 1134 punctorum
546 1036 856 1133 aequinoctialium
887 1040 1049 1135 corporis
1084 1064 1132 1111 ex
1166 1036 1302 1113 annulo
1338 1039 1374 1110 8c
1407 1037 1521 1137 globo
1556 1041 1750 1137 compositi

290 1153 339 1226 ad
370 1168 512 1226 motum
545 1165 624 1227 20⁸¹·
661 1154 716 1226 11'
748 1156 830 1247 46'',
862 1173 903 1231 ut
939 1163 1032 1250 1436
1067 1157 1116 1230 ad
1153 1180 1275 1250 39343
1312 1156 1348 1230 &
1383 1180 1483 1250 4590
1517 1157 1565 1231 ad
1601 1161 1749 1251 489813

290 1270 524 1367 conjunctim,
554 1270 592 1342 id
620 1285 686 1356 est,
718 1285 759 1344 ut
794 1297 864 1346 100
893 1273 942 1345 ad
975 1279 1133 1366 292369.
1199 1272 1310 1346 Vires
1338 1290 1462 1346 autem
1493 1275 1628 1370 quibus
1663 1273 1752 1348 nodi

290 1382 459 1459 lunarum
481 1385 537 1483 (01
566 1411 678 1482 supra
705 1386 879 1485 explicui)
899 1403 1012 1484 atque
1044 1389 1129 1462 ideo
1157 1389 1293 1485 quibus
1319 1406 1457 1485 puncta
1482 1390 1754 1487 aequinoctialia

289 1501 416 1576 annuli
434 1503 693 1601 regrediuntur
712 1503 764 1599 (id
790 1519 848 1578 est
873 1505 972 1577 vires
1001 1506 1070 1598 3I
1084 1505 1121 1577 Τ
1141 1504 1261 1602 infig.
1272 1514 1361 1601 pag.
1383 1527 1457 1600 437
1486 1505 1522 1579 &
1547 1507 1637 1606 438)
1666 1521 1753 1580 sunt

294 1619 331 1693 in
359 1619 514 1717 singulis
542 1617 730 1714 particulis
760 1635 802 1693 ut
829 1621 1016 1695 distantia
1045 1619 1307 1717 particularum
1324 1647 1348 1695 a
1365 1621 1477 1719 plano
1506 1625 1604 1714 QR,
1631 1624 1667 1698 &
1694 1625 1752 1698 his

292 1737 433 1811 viribus
463 1734 652 1833 particulae
683 1735 754 1810 illae
784 1737 935 1833 planum
961 1739 1128 1837 fugiunt;
1167 1738 1203 1812 &
1230 1752 1428 1835 propterea
1456 1739 1538 1836 (per
1554 1739 1638 1814 lem.
1659 1740 1701 1839 11)
1721 1741 1753 1814 si

293 1855 447 1927 materia
467 1851 592 1926 annuli
620 1878 689 1949 per
716 1868 832 1927 totam
862 1853 965 1953 globi
995 1855 1228 1951 superficiem
1259 1855 1296 1928 in
1325 1880 1466 1929 morem
1495 1857 1624 1955 figura
1641 1860 1716 1931 Pa
1720 1869 1753 1954 p

291 1971 333 2045 A
350 1972 389 2043 P
397 1971 499 2068 epE
527 1970 575 2043 ad
605 1971 834 2065 superiorem
859 1971 958 2045 illam
983 1987 1091 2046 terrae
1116 1987 1259 2067 partem
1288 1973 1585 2046 constituendam
1604 2001 1753 2073 sparge-

293 2105 401 2176 retur,
437 2089 495 2162 vis
531 2088 568 2162 81
602 2089 765 2162 efficacia
795 2104 874 2162 tota
907 2088 1171 2186 particularum
1205 2090 1370 2164 omnium
1404 2090 1454 2162 ad
1488 2105 1624 2164 terram
1659 2092 1755 2165 circa

292 2209 463 2305 quamvis
498 2207 696 2304 aequatoris
731 2207 954 2280 diametrum
993 2206 1196 2292 rotandam,
1228 2221 1341 2303 atque
1373 2207 1457 2281 ideo
1488 2207 1536 2280 ad
1568 2209 1754 2283 movenda

291 2343 429 2424 puncta
454 2323 733 2423 aequinoctialia,
754 2325 933 2398 evaderet
963 2325 1083 2397 minor
1108 2349 1221 2419 quam
1252 2324 1353 2419 prius
1377 2325 1414 2396 in
1445 2326 1587 2399 ratione
1611 2350 1629 2397 2
1650 2325 1698 2398 ad
1719 2347 1750 2419 5.

294 2444 461 2542 Ideoque
487 2468 632 2516 annuus
658 2442 965 2538 aequinoctiorum
991 2466 1182 2539 regressus
1194 2441 1274 2538 jam
1301 2457 1401 2514 esset
1423 2442 1472 2514 ad
1492 2454 1572 2517 20²¹·
1596 2441 1653 2515 11'
1669 2441 1752 2536 46'',

291 2575 333 2634 ut
355 2584 400 2634 10
417 2560 466 2634 ad
489 2581 606 2654 73092
629 2586 637 2632 ε
664 2585 707 2631 ac
726 2558 883 2655 proinde
902 2558 1007 2631 fieret
1026 2556 1074 2649 9''
1093 2555 1178 2650 56'“
1199 2554 1280 2650 50³⁹.

360 2679 547 2753 Caeterum
566 2677 625 2750 hic
651 2694 774 2751 motus
801 2677 850 2750 ob
883 2675 1157 2750 inclinationem
1185 2673 1286 2772 plani
1317 2678 1516 2773 aequatoris
1534 2678 1582 2751 ad
1600 2676 1753 2776 planum

292 2794 471 2892 ecliptica
489 2794 713 2867 minuendus
732 2809 799 2883 est,
820 2794 932 2890 idque
951 2793 988 2865 in
1017 2794 1160 2866 ratione
1188 2794 1291 2869 sinus
1320 2803 1443 2889 91706
1465 2797 1541 2895 (qui
1568 2798 1671 2870 sinus
1697 2813 1756 2870 est

292 2910 553 3009 complementi
571 2912 755 3009 graduum
777 2912 857 3006 23l)
880 2909 928 2982 ad
956 2910 1099 2983 radium
1136 2934 1290 2987 rooooo.
1346 2913 1433 3006 Qua
1461 2914 1604 2988 ratione
1631 2930 1754 2988 motus

292 3030 362 3104 iste
382 3031 461 3127 jam
489 3030 552 3104 fiet
578 3030 627 3122 9''
649 3030 707 3124 7'''
727 3027 805 3104 2ol'.
864 3026 961 3101 Haec
989 3044 1047 3102 est
1074 3053 1197 3102 annua
1223 3030 1421 3127 praecessio
1449 3030 1754 3129 aequinoctiorum

292 3147 370 3222 avi
388 3147 475 3221 solis
494 3148 658 3223 oriunda.

358 3265 427 3339 Vis
453 3281 578 3339 autem
604 3264 702 3338 1002
720 3264 769 3337 ad
791 3289 893 3337 mare
915 3265 1142 3338 movendum
1169 3279 1249 3338 erat
1273 3264 1322 3338 ad
1349 3264 1426 3337 vim
1452 3263 1540 3338 solis
1558 3280 1600 3338 ut
1616 3268 1750 3359 4,4815

289 3384 339 3457 ad
362 3407 375 3456 1
399 3384 549 3457 circiter.
607 3382 660 3454 Et
676 3382 735 3455 vis
753 3379 851 3454 lunae
869 3381 918 3453 ad
940 3382 1165 3479 aequinoctia
1191 3381 1379 3455 movenda
1404 3396 1463 3453 est
1487 3381 1536 3453 ad
1562 3381 1639 3453 vim
1665 3379 1754 3454 solis

292 3501 329 3574 in
356 3502 489 3575 eadem
516 3499 764 3596 proportione.
823 3497 992 3594 Indeque
1020 3498 1144 3594 prodit
1170 3522 1293 3569 annua
1322 3495 1627 3591 aequinoctiorum
1658 3523 1753 3592 prae-

291 3617 409 3690 cessio
444 3642 467 3689 a
500 3617 539 3689 vi
568 3614 666 3688 1002
696 3614 853 3688 oriunda
883 3613 957 3705 4o''
989 3613 1073 3707 52'''
1103 3611 1180 3705 52³2
1212 3637 1256 3684 ac
1286 3626 1365 3684 tota
1398 3612 1596 3706 praecessio
1631 3637 1755 3686 annua

291 3759 314 3806 a
332 3734 369 3806 vi
387 3749 544 3830 utraque
561 3730 718 3805 oriunda
738 3727 809 3822 5o''
827 3728 914 3803 oo'‘'
938 3727 1012 3802 128.
1079 3728 1132 3800 Et
1157 3727 1216 3801 hic
1240 3741 1362 3799 motus
1390 3751 1473 3799 eum
1500 3727 1755 3823 phaenomenis

291 3850 469 3948 congruit
527 3849 627 3920 Nam
646 3847 842 3942 praecessio
861 3845 1166 3942 aequinoctiorum
1185 3870 1232 3917 ex
1256 3844 1578 3918 observationibus
1597 3847 1752 3920 astroni-

291 3967 397 4041 mieis
415 3983 473 4039 est
489 3964 679 4038 annuatim
699 3964 924 4037 minutorum
942 3962 1190 4036 secundorum
1208 3958 1291 4058 plus
1310 3961 1430 4033 minus
1449 3963 1730 4061 quinquaginta.

359 4084 401 4159 Si
428 4082 584 4157 altitudo
602 4096 709 4155 terrae
727 4081 775 4154 ad
793 4096 1023 4177 aequatorem
1050 4095 1199 4175 superet
1224 4077 1457 4152 altitudinem
1484 4080 1563 4177 ejus
1582 4079 1630 4151 ad
1649 4079 1757 4176 polos

293 4201 510 4277 milliaribus
539 4199 705 4296 pluribus
734 4223 846 4296 quam
884 4202 957 4291 17l,
976 4197 1131 4270 materia
1161 4198 1240 4295 ejus
1271 4194 1387 4267 rarior
1420 4196 1490 4268 erit
1519 4196 1567 4268 ad
1602 4196 1755 4269 circum-

290 4321 484 4395 ferentiam
512 4342 625 4414 quam
652 4316 701 4389 ad
729 4329 923 4389 centrum:
963 4314 999 4387 &
1029 4314 1226 4409 praecessio
1257 4312 1563 4410 aequinoctiorum
1593 4313 1642 4386 ob
1674 4312 1755 4386 alti-

291 4438 462 4512 tudinem
482 4434 582 4508 illam
600 4433 737 4532 augeri,
756 4433 806 4506 ob
825 4432 1012 4505 raritatem
1030 4428 1185 4502 diminui
1203 4430 1325 4503 debet

360 4552 635 4649 Descripsimus
663 4551 744 4648 jam
784 4563 949 4644 systema
982 4545 1080 4633 solis
1116 4560 1234 4633 terrae,
1269 4544 1377 4631 1002,
1414 4545 1451 4618 81
1494 4545 1755 4643 planetarum:

294 4685 465 4770 superest
483 4684 525 4743 ut
542 4669 591 4742 de
609 4667 763 4742 cometis
781 4662 958 4739 nonnulla
975 4661 1200 4760 adjiciantur.
