4088 5768
853 495 994 553 LIBER
1014 494 1199 553 PRIMUS.

296 704 338 775 A
353 703 387 774 S
394 703 437 774 D
462 726 557 774 areae
584 701 625 772 A
641 700 675 772 S
684 700 731 786 P,
758 716 871 796 atque
897 699 981 773 ideo
1007 700 1119 771 etiam
1150 699 1306 794 tempori

296 815 590 914 proportionalis.
662 816 843 889 Manente
881 840 952 889 axe
985 817 1026 888 A
1047 817 1087 888 Β
1121 816 1307 889 minuatur

295 950 478 1031 perpetuo
504 932 661 1006 latitudo
685 931 867 1028 ellipse0S,
896 931 932 1004 &
959 956 1108 1028 semper
1141 933 1305 1006 manebit

293 1075 382 1123 area
407 1050 448 1121 A
465 1049 550 1121 SD
573 1049 729 1145 tempori
747 1046 1040 1144 proportionalis.
1114 1048 1306 1122 Minuatur

293 1164 452 1239 latitudo
483 1164 544 1238 illa
573 1166 610 1238 in
644 1166 852 1241 infinitum:
882 1166 918 1239 8ι
944 1167 1033 1241 orbe
1059 1167 1099 1238 A
1114 1168 1203 1240 PB
1223 1169 1302 1266 jam

294 1280 527 1357 coincidente
560 1309 644 1356 cum
675 1307 748 1357 axe
778 1285 819 1356 A
832 1285 872 1356 Β
902 1283 938 1357 &
964 1282 1136 1356 umbilico
1163 1283 1197 1355 S
1219 1310 1302 1357 cum

293 1400 376 1471 axis
395 1400 552 1472 termino
569 1399 615 1485 Β,
635 1399 838 1473 descendet
863 1425 996 1496 corpus
1023 1399 1059 1471 in
1087 1415 1186 1473 recta
1203 1401 1243 1472 A
1263 1400 1301 1485 C,

294 1515 332 1588 8ι
358 1542 444 1589 area
469 1518 509 1589 A
524 1517 615 1589 BD
645 1518 781 1591 evadet
815 1519 972 1615 tempori
1006 1515 1299 1615 proportionalis.
1353 1509 1372 1554 ⁰

247 1682 249 1686 -
296 1633 459 1705 Dabitur
486 1633 611 1729 itaque
641 1634 801 1729 spatium
831 1635 872 1706 A
890 1635 930 1721 C,
961 1635 1062 1731 quod
1093 1659 1225 1730 corpus
1253 1634 1302 1707 de

293 1747 377 1823 loco
395 1750 435 1821 A
464 1748 818 1846 perpendiculariter
842 1751 1010 1824 cadendo
1029 1766 1195 1846 tempore
1213 1751 1302 1824 dato

292 1866 468 1939 describit
505 1867 536 1939 si
567 1866 681 1942 modo
711 1869 868 1965 tempori
895 1865 1177 1965 proportionalis
1203 1867 1300 1962 capi-

293 1999 378 2057 atur
394 2008 480 2057 area
496 1983 538 2055 A
551 1985 650 2070 BD,
671 1984 707 2057 82
724 2011 747 2057 a
764 2001 902 2081 puncto
918 1987 961 2057 D
985 1984 1033 2056 ad
1053 1998 1191 2057 rectam
1209 1984 1249 2055 A
1263 1986 1302 2057 B
1352 1961 1374 2102 ξ

292 2099 509 2173 demittatur
525 2099 837 2196 perpendicularis
854 2101 897 2172 D
910 2100 949 2173 C.
1005 2100 1049 2190 Q.
1066 2101 1113 2173 E.
1130 2101 1163 2174 l.

363 2216 442 2291 Cas.
472 2241 503 2290 2.
532 2217 573 2290 Si
593 2217 712 2315 figura
729 2216 789 2290 illa
805 2219 846 2290 R
858 2218 944 2289 PB
961 2215 1165 2313 hyperbola
1187 2232 1253 2302 est,
1272 2213 1501 2288 describatur
1523 2213 1571 2285 ad
1594 2214 1751 2287 eandem

291 2331 513 2405 diametrum
531 2332 770 2429 principalem
783 2335 871 2407 AB
888 2333 1091 2431 hyperbola
1109 2350 1248 2407 rectan-

292 2445 383 2546 gula
399 2449 438 2520 B
449 2450 491 2521 E
501 2450 560 2524 Dr
579 2449 615 2522 8ι
633 2453 807 2546 quoniam
826 2478 923 2525 areae
945 2453 979 2524 C
985 2453 1019 2524 S
1026 2453 1072 2537 P,
1096 2452 1130 2523 C
1129 2452 1169 2523 B
1167 2450 1247 2546 fP,
1304 2512 1324 2558 c

294 2564 441 2660 SPfB
456 2580 543 2638 sunt
560 2566 608 2638 ad
627 2593 731 2640 areas
752 2568 786 2641 C
789 2569 874 2654 SD,
890 2568 1061 2655 CBED,
1076 2567 1246 2653 SDEB,

293 2680 449 2780 singulae
479 2681 528 2755 ad
555 2682 728 2781 singulas,
757 2684 793 2756 in
822 2685 910 2758 data
936 2685 1077 2759 ratione
1103 2682 1247 2756 alitudi·

293 2825 382 2873 num
403 2799 437 2872 C
444 2800 490 2885 P,
512 2800 547 2872 C
553 2801 613 2886 D;
631 2801 771 2874 &area
789 2802 824 2874 S
829 2802 868 2874 P
866 2801 905 2897 f
908 2802 947 2874 Β
964 2798 1248 2897 proportionalis
1302 2788 1318 2845 ⁵

292 2934 351 2991 est
385 2918 542 3013 tempori
576 2944 652 3015 quo
686 2944 819 3015 corpus
852 2919 891 2991 P
930 2918 1140 2991 movebitur
1181 2941 1248 3013 per
1299 2879 1320 2929 B

291 3059 417 3108 arcum
434 3035 473 3107 P
471 3034 511 3129 f
511 3035 551 3106 B
560 3066 575 3120 ,·
600 3036 669 3108 erit
685 3036 797 3108 etiam
815 3061 902 3108 area
919 3035 953 3107 S
960 3036 1053 3107 DE
1061 3035 1100 3106 Β
1125 3033 1247 3106 eidem

292 3151 451 3246 tempori
481 3150 773 3247 proportionalis.
840 3152 1031 3224 Minuatur
1056 3149 1151 3223 latus
1169 3175 1244 3223 rec-

292 3283 373 3340 tum
400 3267 614 3364 hyperbolae
640 3269 776 3343 RPB
802 3269 838 3341 in
866 3267 1048 3340 infinitum
1073 3279 1246 3338 manente

292 3383 407 3457 latere
441 3400 661 3471 transverso,
689 3384 725 3458 &
759 3384 872 3458 coibit
905 3409 1010 3457 arcus
1040 3383 1128 3455 PB
1162 3406 1245 3455 cum

293 3516 393 3575 recta
415 3502 484 3575 CB
501 3501 538 3575 8ι
555 3499 747 3574 umbilicus
762 3501 796 3573 S
810 3526 893 3574 cum
907 3500 1045 3573 vertice
1062 3500 1102 3571 Β
1119 3497 1155 3570 &
1169 3523 1244 3572 rec-

292 3634 332 3691 ta
350 3618 428 3691 SD
444 3644 527 3691 cum
546 3632 645 3712 recta
662 3618 755 3691 BD.
804 3616 964 3692 Proinde
977 3641 1064 3690 area
1075 3616 1247 3689 BDEB

291 3733 575 3832 proportionalis
593 3736 662 3809 erit
679 3735 835 3831 tempori
854 3760 929 3830 quo
942 3760 1074 3831 corpus
1096 3733 1130 3807 C
1145 3750 1245 3806 recto

288 3851 471 3926 descensu
489 3851 663 3925 describit
683 3849 817 3925 lineam
843 3853 930 3926 CB.
985 3852 1028 3942 Q.
1044 3853 1093 3924 E.
1109 3853 1142 3924 l.

361 3968 440 4041 Cas.
472 3992 504 4061 3.
535 3968 588 4040 Et
620 3967 729 4041 simili
764 3984 984 4066 argumento
1013 3970 1044 4042 si
1076 3968 1194 4066 figura

289 4086 428 4160 RPB
443 4083 619 4181 parabola
636 4101 701 4172 est,
722 4086 758 4159 82
784 4087 917 4161 eodem
938 4087 1076 4160 vertice
1093 4087 1191 4185 prin·
1254 4068 1274 4116 ⁰

289 4199 399 4298 cipali
424 4202 464 4274 B
488 4202 717 4276 describatur
741 4202 813 4296 alia
839 4200 1015 4299 parabola
1039 4203 1131 4275 BE
1139 4204 1190 4289 D,

290 4343 378 4416 quae
395 4343 543 4414 semper
556 4333 705 4393 maneat
717 4319 813 4406 data,
829 4320 969 4393 interea
982 4318 1071 4391 dum
1085 4344 1190 4415 para·

289 4430 379 4509 bola
412 4433 520 4530 prior,
549 4435 586 4506 in
617 4435 720 4532 cujus
754 4435 953 4531 perimetro
987 4460 1120 4531 corpus
1153 4435 1192 4507 P
1548 4456 1554 4489 1

290 4565 472 4637 movetur,
484 4548 933 4625 diminuto&in'nihilum
948 4552 1098 4626 redacto
1111 4553 1190 4650 ejus
1255 4599 1274 4656 s
1292 4615 1339 4686 s

289 4665 407 4740 latere
424 4681 534 4753 recto,
553 4669 751 4742 conveniat
775 4693 858 4742 cum
880 4666 978 4742 linea
998 4669 1032 4742 C
1038 4670 1101 4753 B,·
1127 4668 1191 4742 fiet
1254 4662 1279 4717 B

291 4797 530 4879 segmentum
558 4782 809 4880 parabolicum
835 4787 975 4859 BDE
981 4787 1021 4858 B
1045 4788 1320 4883 proportionale
1341 4793 1498 4888 tempori
1516 4819 1592 4890 quo
1618 4820 1751 4893 corpus
1797 4845 1801 4853 ·
1884 4850 1888 4858 -

293 4896 385 4972 illud
410 4900 450 4972 P
479 4898 539 4973 vel
566 4900 601 4973 C
622 4900 825 4975 descendet
842 4901 889 4975 ad
908 4917 1074 4976 centrum
1093 4902 1201 4977 Svel
1218 4906 1265 4980 Β.
1321 4907 1367 4998 Q.
1381 4910 1480 4984 El.

1012 5025 1038 5073 n
