<?xml version="1.0" encoding="UTF-8"?>
<!DOCTYPE html PUBLIC "-//W3C//DTD XHTML 1.0 Transitional//EN"
    "http://www.w3.org/TR/xhtml1/DTD/xhtml1-transitional.dtd">
<html xmlns="http://www.w3.org/1999/xhtml" xml:lang="en" lang="en">
 <head>
  <title>
</title>
<meta http-equiv="Content-Type" content="text/html;charset=utf-8" />
  <meta name='ocr-system' content='tesseract 3.04.00' />
  <meta name='ocr-capabilities' content='ocr_page ocr_carea ocr_par ocr_line ocrx_word'/>
</head>
<body>
  <div class='ocr_page' id='page_1' title='image "./sirisaacnewtons01newtgoog_0509.png"; bbox 0 0 4088 5768; ppageno 0'>
   <div class='ocr_carea' id='block_1_1' title="bbox 292 391 1306 484">
    <p class='ocr_par' dir='ltr' id='par_1_1' title="bbox 292 391 1306 484">
     <span class='ocr_line' id='line_1_1' title="bbox 292 391 1306 484; baseline -0.005 -28"><span class='ocrx_word' id='word_1_1' title='bbox 292 397 365 484; x_wconf 83' lang='lat'>468</span> <span class='ocrx_word' id='word_1_2' title='bbox 763 392 830 448; x_wconf 86' lang='lat' dir='ltr'>DE</span> <span class='ocrx_word' id='word_1_3' title='bbox 852 392 895 447; x_wconf 92' lang='lat' dir='ltr'><em>M</em></span> <span class='ocrx_word' id='word_1_4' title='bbox 898 391 1018 450; x_wconf 85' lang='lat' dir='ltr'><em>UNDI</em></span> <span class='ocrx_word' id='word_1_5' title='bbox 1035 392 1060 449; x_wconf 86' lang='lat' dir='ltr'><em>S</em></span> <span class='ocrx_word' id='word_1_6' title='bbox 1069 391 1243 450; x_wconf 69' lang='lat' dir='ltr'><em>VSTEMA</em></span> <span class='ocrx_word' id='word_1_7' title='bbox 1251 394 1306 451; x_wconf 84' lang='lat' dir='ltr'>TE</span> 
     </span>
    </p>
   </div>
   <div class='ocr_carea' id='block_1_2' title="bbox 239 584 1790 4565">
    <p class='ocr_par' dir='ltr' id='par_1_2' title="bbox 289 584 1790 2788">
     <span class='ocr_line' id='line_1_2' title="bbox 291 584 1790 695; baseline 0.006 -31"><span class='ocrx_word' id='word_1_8' title='bbox 291 617 376 664; x_wconf 88' lang='lat' dir='ltr'>cum</span> <span class='ocrx_word' id='word_1_9' title='bbox 394 607 518 664; x_wconf 89' lang='lat' dir='ltr'>tamen</span> <span class='ocrx_word' id='word_1_10' title='bbox 536 589 680 663; x_wconf 92' lang='lat' dir='ltr'>vicibus</span> <span class='ocrx_word' id='word_1_11' title='bbox 697 585 848 660; x_wconf 87' lang='lat' dir='ltr'><strong>alternis</strong></span> <span class='ocrx_word' id='word_1_12' title='bbox 866 585 914 658; x_wconf 91' lang='lat' dir='ltr'>ad</span> <span class='ocrx_word' id='word_1_13' title='bbox 932 584 1055 660; x_wconf 88' lang='lat' dir='ltr'>littora</span> <span class='ocrx_word' id='word_1_14' title='bbox 1081 585 1142 659; x_wconf 90' lang='lat' dir='ltr'>illa</span> <span class='ocrx_word' id='word_1_15' title='bbox 1168 587 1204 660; x_wconf 95' lang='lat' dir='ltr'>in</span> <span class='ocrx_word' id='word_1_16' title='bbox 1232 590 1394 662; x_wconf 90' lang='lat' dir='ltr'>maribus</span> <span class='ocrx_word' id='word_1_17' title='bbox 1420 592 1561 665; x_wconf 90' lang='lat' dir='ltr'>nostris</span> <span class='ocrx_word' id='word_1_18' title='bbox 1590 600 1790 695; x_wconf 86' lang='lat' dir='ltr'>angustis</span> 
     </span>
     <span class='ocr_line' id='line_1_3' title="bbox 291 703 1788 812; baseline 0.006 -31"><span class='ocrx_word' id='word_1_19' title='bbox 291 707 519 781; x_wconf 86' lang='lat' dir='ltr'><strong>descendere</strong></span> <span class='ocrx_word' id='word_1_20' title='bbox 536 706 680 779; x_wconf 84' lang='lat' dir='ltr'>debeat</span> <span class='ocrx_word' id='word_1_21' title='bbox 748 703 808 776; x_wconf 87' lang='lat' dir='ltr'>Ea</span> <span class='ocrx_word' id='word_1_22' title='bbox 832 703 881 776; x_wconf 92' lang='lat' dir='ltr'>de</span> <span class='ocrx_word' id='word_1_23' title='bbox 907 728 1019 776; x_wconf 89' lang='lat' dir='ltr'>causa</span> <span class='ocrx_word' id='word_1_24' title='bbox 1044 703 1166 777; x_wconf 87' lang='lat' dir='ltr'>fluxus</span> <span class='ocrx_word' id='word_1_25' title='bbox 1192 705 1229 777; x_wconf 78' lang='lat' dir='ltr'>8c</span> <span class='ocrx_word' id='word_1_26' title='bbox 1255 706 1417 780; x_wconf 84' lang='lat' dir='ltr'>refluxus</span> <span class='ocrx_word' id='word_1_27' title='bbox 1443 709 1480 780; x_wconf 91' lang='lat' dir='ltr'>in</span> <span class='ocrx_word' id='word_1_28' title='bbox 1509 710 1667 800; x_wconf 87' lang='lat' dir='ltr'>insulis,</span> <span class='ocrx_word' id='word_1_29' title='bbox 1689 742 1788 812; x_wconf 86' lang='lat' dir='ltr'>quae</span> 
     </span>
     <span class='ocr_line' id='line_1_4' title="bbox 290 822 1786 926; baseline 0.001 -28"><span class='ocrx_word' id='word_1_30' title='bbox 290 853 314 899; x_wconf 93' lang='lat' dir='ltr'>a</span> <span class='ocrx_word' id='word_1_31' title='bbox 331 826 515 899; x_wconf 84' lang='lat' dir='ltr'>littoribus</span> <span class='ocrx_word' id='word_1_32' title='bbox 540 823 756 922; x_wconf 85' lang='lat' dir='ltr'>longissime</span> <span class='ocrx_word' id='word_1_33' title='bbox 782 823 926 907; x_wconf 91' lang='lat' dir='ltr'>absunt,</span> <span class='ocrx_word' id='word_1_34' title='bbox 945 822 1170 920; x_wconf 91' lang='lat' dir='ltr'>perexiguus</span> <span class='ocrx_word' id='word_1_35' title='bbox 1196 841 1296 897; x_wconf 91' lang='lat' dir='ltr'>esset</span> <span class='ocrx_word' id='word_1_36' title='bbox 1320 824 1424 899; x_wconf 82' lang='lat' dir='ltr'>solet</span> <span class='ocrx_word' id='word_1_37' title='bbox 1499 828 1546 899; x_wconf 92' lang='lat' dir='ltr'>In</span> <span class='ocrx_word' id='word_1_38' title='bbox 1577 835 1786 926; x_wconf 86' lang='lat' dir='ltr'>portubus</span> 
     </span>
     <span class='ocr_line' id='line_1_5' title="bbox 290 941 1784 1042; baseline 0.007 -25"><span class='ocrx_word' id='word_1_39' title='bbox 290 945 523 1042; x_wconf 87' lang='lat' dir='ltr'>quibusdam,</span> <span class='ocrx_word' id='word_1_40' title='bbox 554 943 616 1016; x_wconf 93' lang='lat' dir='ltr'>ubi</span> <span class='ocrx_word' id='word_1_41' title='bbox 643 968 741 1038; x_wconf 91' lang='lat' dir='ltr'>aqua</span> <span class='ocrx_word' id='word_1_42' title='bbox 766 966 849 1013; x_wconf 92' lang='lat' dir='ltr'>cum</span> <span class='ocrx_word' id='word_1_43' title='bbox 877 941 1017 1037; x_wconf 91' lang='lat' dir='ltr'>impetu</span> <span class='ocrx_word' id='word_1_44' title='bbox 1044 967 1180 1039; x_wconf 91' lang='lat' dir='ltr'>magno</span> <span class='ocrx_word' id='word_1_45' title='bbox 1207 968 1273 1039; x_wconf 92' lang='lat' dir='ltr'>per</span> <span class='ocrx_word' id='word_1_46' title='bbox 1297 942 1379 1016; x_wconf 92' lang='lat' dir='ltr'>loca</span> <span class='ocrx_word' id='word_1_47' title='bbox 1404 945 1550 1019; x_wconf 87' lang='lat' dir='ltr'>vadosa</span> <span class='ocrx_word' id='word_1_48' title='bbox 1578 950 1633 1023; x_wconf 90' lang='lat' dir='ltr'>ad</span> <span class='ocrx_word' id='word_1_49' title='bbox 1665 953 1784 1027; x_wconf 90' lang='lat' dir='ltr'>sinus</span> 
     </span>
     <span class='ocr_line' id='line_1_6' title="bbox 289 1056 1780 1166; baseline 0.005 -31"><span class='ocrx_word' id='word_1_50' title='bbox 289 1060 440 1135; x_wconf 87' lang='lat' dir='ltr'>alternis</span> <span class='ocrx_word' id='word_1_51' title='bbox 458 1062 600 1135; x_wconf 91' lang='lat' dir='ltr'>vicibus</span> <span class='ocrx_word' id='word_1_52' title='bbox 618 1057 827 1155; x_wconf 92' lang='lat' dir='ltr'>implendos</span> <span class='ocrx_word' id='word_1_53' title='bbox 845 1056 882 1130; x_wconf 77' lang='lat' dir='ltr'>dc</span> <span class='ocrx_word' id='word_1_54' title='bbox 908 1057 1145 1131; x_wconf 90' lang='lat' dir='ltr'>evacuandos</span> <span class='ocrx_word' id='word_1_55' title='bbox 1175 1058 1328 1134; x_wconf 86' lang='lat' dir='ltr'>influere</span> <span class='ocrx_word' id='word_1_56' title='bbox 1355 1059 1391 1133; x_wconf 71' lang='lat'>82</span> <span class='ocrx_word' id='word_1_57' title='bbox 1417 1061 1574 1136; x_wconf 87' lang='lat' dir='ltr'>effluere</span> <span class='ocrx_word' id='word_1_58' title='bbox 1602 1069 1780 1166; x_wconf 86' lang='lat' dir='ltr'>cogitur,</span> 
     </span>
     <span class='ocr_line' id='line_1_7' title="bbox 290 1172 1781 1276; baseline 0.005 -25"><span class='ocrx_word' id='word_1_59' title='bbox 290 1179 412 1251; x_wconf 87' lang='lat' dir='ltr'>fluxus</span> <span class='ocrx_word' id='word_1_60' title='bbox 443 1178 480 1251; x_wconf 69' lang='grc' dir='ltr'>ἃ</span> <span class='ocrx_word' id='word_1_61' title='bbox 507 1178 670 1251; x_wconf 83' lang='lat' dir='ltr'>refluxus</span> <span class='ocrx_word' id='word_1_62' title='bbox 700 1174 840 1249; x_wconf 88' lang='lat' dir='ltr'>debent</span> <span class='ocrx_word' id='word_1_63' title='bbox 869 1199 953 1247; x_wconf 91' lang='lat' dir='ltr'>esse</span> <span class='ocrx_word' id='word_1_64' title='bbox 987 1172 1096 1248; x_wconf 91' lang='lat' dir='ltr'>solito</span> <span class='ocrx_word' id='word_1_65' title='bbox 1131 1177 1300 1275; x_wconf 87' lang='lat' dir='ltr'>majores,</span> <span class='ocrx_word' id='word_1_66' title='bbox 1332 1178 1385 1250; x_wconf 91' lang='lat' dir='ltr'>uti</span> <span class='ocrx_word' id='word_1_67' title='bbox 1419 1179 1469 1251; x_wconf 91' lang='lat' dir='ltr'>ad</span> <span class='ocrx_word' id='word_1_68' title='bbox 1503 1180 1781 1276; x_wconf 61' lang='lat' dir='ltr'>Plymutlzum</span> 
     </span>
     <span class='ocr_line' id='line_1_8' title="bbox 291 1292 1777 1391; baseline 0.005 -22"><span class='ocrx_word' id='word_1_69' title='bbox 291 1296 329 1369; x_wconf 77' lang='lat' dir='ltr'>dt</span> <span class='ocrx_word' id='word_1_70' title='bbox 355 1312 507 1391; x_wconf 91' lang='lat' dir='ltr'>pontem</span> <span class='ocrx_word' id='word_1_71' title='bbox 536 1296 754 1390; x_wconf 71' lang='lat' dir='ltr'>Clupslowoe</span> <span class='ocrx_word' id='word_1_72' title='bbox 777 1293 814 1364; x_wconf 94' lang='lat' dir='ltr'>in</span> <span class='ocrx_word' id='word_1_73' title='bbox 840 1292 1018 1389; x_wconf 82' lang='lat' dir='ltr'>Anglia;</span> <span class='ocrx_word' id='word_1_74' title='bbox 1043 1292 1090 1364; x_wconf 89' lang='lat' dir='ltr'>ad</span> <span class='ocrx_word' id='word_1_75' title='bbox 1117 1310 1264 1367; x_wconf 93' lang='lat' dir='ltr'>montes</span> <span class='ocrx_word' id='word_1_76' title='bbox 1291 1295 1330 1369; x_wconf 88' lang='lat' dir='ltr'>S.</span> <span class='ocrx_word' id='word_1_77' title='bbox 1352 1295 1538 1370; x_wconf 68' lang='lat' dir='ltr'>Mz&#39;clzaelzr</span> <span class='ocrx_word' id='word_1_78' title='bbox 1565 1297 1606 1371; x_wconf 84' lang='lat' dir='ltr'>8c</span> <span class='ocrx_word' id='word_1_79' title='bbox 1628 1303 1777 1376; x_wconf 89' lang='lat' dir='ltr'>urbem</span> 
     </span>
     <span class='ocr_line' id='line_1_9' title="bbox 292 1407 1777 1507; baseline 0.005 -21"><span class='ocrx_word' id='word_1_80' title='bbox 292 1413 333 1486; x_wconf 87' lang='lat' dir='ltr'><em>A</em></span> <span class='ocrx_word' id='word_1_81' title='bbox 338 1414 615 1486; x_wconf 78' lang='lat' dir='ltr'>brz&#39;ncaluorum</span> <span class='ocrx_word' id='word_1_82' title='bbox 636 1407 765 1505; x_wconf 85' lang='lat' dir='ltr'>(vulgo</span> <span class='ocrx_word' id='word_1_83' title='bbox 782 1408 1014 1507; x_wconf 69' lang='lat' dir='ltr'>Aurancltar)</span> <span class='ocrx_word' id='word_1_84' title='bbox 1035 1410 1072 1482; x_wconf 93' lang='lat' dir='ltr'>in</span> <span class='ocrx_word' id='word_1_85' title='bbox 1097 1411 1370 1498; x_wconf 78' lang='lat' dir='ltr'>Normannz&#39;a;</span> <span class='ocrx_word' id='word_1_86' title='bbox 1395 1412 1443 1485; x_wconf 93' lang='lat' dir='ltr'>ad</span> <span class='ocrx_word' id='word_1_87' title='bbox 1471 1413 1706 1492; x_wconf 79' lang='lat' dir='ltr'>Cambaiam</span> <span class='ocrx_word' id='word_1_88' title='bbox 1736 1419 1777 1493; x_wconf 72' lang='lat'>81</span> 
     </span>
     <span class='ocr_line' id='line_1_10' title="bbox 290 1525 1775 1639; baseline 0.006 -36"><span class='ocrx_word' id='word_1_89' title='bbox 290 1531 394 1627; x_wconf 78' lang='lat' dir='ltr'>Pegu</span> <span class='ocrx_word' id='word_1_90' title='bbox 413 1529 582 1602; x_wconf 81' lang='lat' dir='ltr'>inludia</span> <span class='ocrx_word' id='word_1_91' title='bbox 608 1525 787 1601; x_wconf 89' lang='lat' dir='ltr'>orientali.</span> <span class='ocrx_word' id='word_1_92' title='bbox 862 1527 936 1639; x_wconf 85' lang='lat' dir='ltr'>llis</span> <span class='ocrx_word' id='word_1_93' title='bbox 963 1527 1000 1599; x_wconf 93' lang='lat' dir='ltr'>in</span> <span class='ocrx_word' id='word_1_94' title='bbox 1025 1525 1115 1601; x_wconf 92' lang='lat' dir='ltr'>locis</span> <span class='ocrx_word' id='word_1_95' title='bbox 1142 1554 1252 1615; x_wconf 90' lang='lat' dir='ltr'>mare,</span> <span class='ocrx_word' id='word_1_96' title='bbox 1281 1555 1528 1628; x_wconf 88' lang='lat' dir='ltr'>magnacum</span> <span class='ocrx_word' id='word_1_97' title='bbox 1554 1532 1775 1612; x_wconf 86' lang='lat' dir='ltr'>velocitate</span> 
     </span>
     <span class='ocr_line' id='line_1_11' title="bbox 290 1642 1774 1753; baseline 0.005 -32"><span class='ocrx_word' id='word_1_98' title='bbox 290 1648 504 1722; x_wconf 89' lang='lat' dir='ltr'>accedendo</span> <span class='ocrx_word' id='word_1_99' title='bbox 539 1646 576 1719; x_wconf 69' lang='grc' dir='ltr'>ἃ</span> <span class='ocrx_word' id='word_1_100' title='bbox 609 1646 829 1735; x_wconf 86' lang='lat' dir='ltr'>recedendo,</span> <span class='ocrx_word' id='word_1_101' title='bbox 861 1642 985 1718; x_wconf 85' lang='lat' dir='ltr'>littora</span> <span class='ocrx_word' id='word_1_102' title='bbox 1019 1670 1117 1718; x_wconf 91' lang='lat' dir='ltr'>nunc</span> <span class='ocrx_word' id='word_1_103' title='bbox 1143 1646 1300 1721; x_wconf 92' lang='lat' dir='ltr'>inundat</span> <span class='ocrx_word' id='word_1_104' title='bbox 1325 1673 1422 1721; x_wconf 90' lang='lat' dir='ltr'>nunc</span> <span class='ocrx_word' id='word_1_105' title='bbox 1447 1648 1554 1722; x_wconf 89' lang='lat' dir='ltr'>arida</span> <span class='ocrx_word' id='word_1_106' title='bbox 1581 1651 1774 1753; x_wconf 88' lang='lat' dir='ltr'>relinquit</span> 
     </span>
     <span class='ocr_line' id='line_1_12' title="bbox 291 1762 1769 1871; baseline 0.006 -34"><span class='ocrx_word' id='word_1_107' title='bbox 291 1765 339 1837; x_wconf 91' lang='lat' dir='ltr'>ad</span> <span class='ocrx_word' id='word_1_108' title='bbox 359 1763 475 1837; x_wconf 90' lang='lat' dir='ltr'>multa</span> <span class='ocrx_word' id='word_1_109' title='bbox 492 1762 654 1836; x_wconf 89' lang='lat' dir='ltr'>millaria</span> <span class='ocrx_word' id='word_1_110' title='bbox 711 1762 848 1858; x_wconf 89' lang='lat' dir='ltr'><strong>Neque</strong></span> <span class='ocrx_word' id='word_1_111' title='bbox 866 1763 1025 1858; x_wconf 90' lang='lat' dir='ltr'>impetus</span> <span class='ocrx_word' id='word_1_112' title='bbox 1052 1763 1228 1837; x_wconf 81' lang='lat' dir='ltr'>induendi</span> <span class='ocrx_word' id='word_1_113' title='bbox 1247 1764 1490 1839; x_wconf 83' lang='lat' dir='ltr'>&amp;remeandi</span> <span class='ocrx_word' id='word_1_114' title='bbox 1508 1766 1618 1862; x_wconf 89' lang='lat' dir='ltr'>prius</span> <span class='ocrx_word' id='word_1_115' title='bbox 1636 1770 1769 1871; x_wconf 81' lang='lat' dir='ltr'>frangi</span> 
     </span>
     <span class='ocr_line' id='line_1_13' title="bbox 291 1878 1772 1989; baseline 0.007 -34"><span class='ocrx_word' id='word_1_116' title='bbox 291 1897 424 1980; x_wconf 90' lang='lat' dir='ltr'>potest,</span> <span class='ocrx_word' id='word_1_117' title='bbox 444 1908 555 1978; x_wconf 91' lang='lat' dir='ltr'>quam</span> <span class='ocrx_word' id='word_1_118' title='bbox 580 1906 678 1977; x_wconf 90' lang='lat' dir='ltr'>aqua</span> <span class='ocrx_word' id='word_1_119' title='bbox 703 1879 882 1953; x_wconf 89' lang='lat' dir='ltr'>attollitur</span> <span class='ocrx_word' id='word_1_120' title='bbox 906 1878 966 1953; x_wconf 92' lang='lat' dir='ltr'>vel</span> <span class='ocrx_word' id='word_1_121' title='bbox 993 1880 1211 1976; x_wconf 89' lang='lat' dir='ltr'>deprimitur</span> <span class='ocrx_word' id='word_1_122' title='bbox 1236 1882 1285 1955; x_wconf 92' lang='lat' dir='ltr'>ad</span> <span class='ocrx_word' id='word_1_123' title='bbox 1311 1884 1427 1979; x_wconf 89' lang='lat' dir='ltr'>pedes</span> <span class='ocrx_word' id='word_1_124' title='bbox 1455 1908 1514 1977; x_wconf 83' lang='lat'>30,</span> <span class='ocrx_word' id='word_1_125' title='bbox 1535 1909 1598 1978; x_wconf 87' lang='lat'>40,</span> <span class='ocrx_word' id='word_1_126' title='bbox 1619 1889 1688 1963; x_wconf 91' lang='lat' dir='ltr'>vel</span> <span class='ocrx_word' id='word_1_127' title='bbox 1720 1917 1772 1989; x_wconf 90' lang='lat'>50</span> 
     </span>
     <span class='ocr_line' id='line_1_14' title="bbox 291 1998 1769 2101; baseline 0.01 -27"><span class='ocrx_word' id='word_1_128' title='bbox 291 2001 329 2074; x_wconf 77' lang='lat' dir='ltr'>dt</span> <span class='ocrx_word' id='word_1_129' title='bbox 354 2000 522 2098; x_wconf 79' lang='lat' dir='ltr'>amplius,</span> <span class='ocrx_word' id='word_1_130' title='bbox 601 1999 654 2071; x_wconf 87' lang='lat' dir='ltr'>Et</span> <span class='ocrx_word' id='word_1_131' title='bbox 679 2024 747 2095; x_wconf 90' lang='lat' dir='ltr'>par</span> <span class='ocrx_word' id='word_1_132' title='bbox 772 2014 830 2072; x_wconf 91' lang='lat' dir='ltr'>est</span> <span class='ocrx_word' id='word_1_133' title='bbox 855 1999 949 2071; x_wconf 92' lang='lat' dir='ltr'>ratio</span> <span class='ocrx_word' id='word_1_134' title='bbox 974 1998 1151 2072; x_wconf 84' lang='lat' dir='ltr'>fretorum</span> <span class='ocrx_word' id='word_1_135' title='bbox 1177 1999 1423 2100; x_wconf 90' lang='lat' dir='ltr'>oblongorum</span> <span class='ocrx_word' id='word_1_136' title='bbox 1450 2002 1487 2075; x_wconf 69' lang='grc' dir='ltr'>ἃ</span> <span class='ocrx_word' id='word_1_137' title='bbox 1512 2005 1769 2101; x_wconf 86' lang='lat' dir='ltr'>vadosorum,</span> 
     </span>
     <span class='ocr_line' id='line_1_15' title="bbox 290 2116 1766 2222; baseline 0.005 -32"><span class='ocrx_word' id='word_1_138' title='bbox 290 2119 342 2192; x_wconf 92' lang='lat' dir='ltr'>uti</span> <span class='ocrx_word' id='word_1_139' title='bbox 361 2116 607 2216; x_wconf 81' lang='lat' dir='ltr'>Magellanz&#39;ci</span> <span class='ocrx_word' id='word_1_140' title='bbox 622 2116 658 2188; x_wconf 70' lang='lat' dir='ltr'>dt</span> <span class='ocrx_word' id='word_1_141' title='bbox 676 2117 755 2214; x_wconf 89' lang='lat' dir='ltr'>ejus</span> <span class='ocrx_word' id='word_1_142' title='bbox 773 2140 849 2211; x_wconf 92' lang='lat' dir='ltr'>quo</span> <span class='ocrx_word' id='word_1_143' title='bbox 866 2116 1016 2212; x_wconf 80' lang='lat' dir='ltr'>Anglz‘a</span> <span class='ocrx_word' id='word_1_144' title='bbox 1033 2117 1275 2191; x_wconf 88' lang='lat' dir='ltr'>circundatur.</span> <span class='ocrx_word' id='word_1_145' title='bbox 1330 2120 1466 2192; x_wconf 89' lang='lat' dir='ltr'>AEstus</span> <span class='ocrx_word' id='word_1_146' title='bbox 1480 2120 1517 2193; x_wconf 94' lang='lat' dir='ltr'>in</span> <span class='ocrx_word' id='word_1_147' title='bbox 1537 2121 1766 2222; x_wconf 89' lang='lat' dir='ltr'>hujusmodi</span> 
     </span>
     <span class='ocr_line' id='line_1_16' title="bbox 290 2233 1767 2334; baseline 0.005 -25"><span class='ocrx_word' id='word_1_148' title='bbox 290 2238 470 2334; x_wconf 90' lang='lat' dir='ltr'>portubus</span> <span class='ocrx_word' id='word_1_149' title='bbox 506 2236 542 2309; x_wconf 75' lang='lat' dir='ltr'>dr</span> <span class='ocrx_word' id='word_1_150' title='bbox 572 2234 675 2308; x_wconf 80' lang='lat' dir='ltr'>iretis</span> <span class='ocrx_word' id='word_1_151' title='bbox 705 2259 773 2329; x_wconf 93' lang='lat' dir='ltr'>per</span> <span class='ocrx_word' id='word_1_152' title='bbox 803 2233 982 2329; x_wconf 91' lang='lat' dir='ltr'>impetum</span> <span class='ocrx_word' id='word_1_153' title='bbox 1013 2260 1140 2308; x_wconf 91' lang='lat' dir='ltr'>cursus</span> <span class='ocrx_word' id='word_1_154' title='bbox 1175 2235 1212 2307; x_wconf 79' lang='lat' dir='ltr'>dc</span> <span class='ocrx_word' id='word_1_155' title='bbox 1246 2263 1414 2310; x_wconf 90' lang='lat' dir='ltr'>recursus</span> <span class='ocrx_word' id='word_1_156' title='bbox 1448 2263 1564 2334; x_wconf 90' lang='lat' dir='ltr'>supra</span> <span class='ocrx_word' id='word_1_157' title='bbox 1599 2248 1767 2323; x_wconf 88' lang='lat' dir='ltr'>modum</span> 
     </span>
     <span class='ocr_line' id='line_1_17' title="bbox 289 2351 1767 2455; baseline 0.008 -27"><span class='ocrx_word' id='word_1_158' title='bbox 289 2370 456 2454; x_wconf 90' lang='lat' dir='ltr'>augetur.</span> <span class='ocrx_word' id='word_1_159' title='bbox 511 2353 577 2427; x_wconf 88' lang='lat' dir='ltr'>Ad</span> <span class='ocrx_word' id='word_1_160' title='bbox 594 2351 718 2425; x_wconf 87' lang='lat' dir='ltr'>littora</span> <span class='ocrx_word' id='word_1_161' title='bbox 734 2376 826 2425; x_wconf 88' lang='lat' dir='ltr'>vero</span> <span class='ocrx_word' id='word_1_162' title='bbox 843 2376 928 2447; x_wconf 84' lang='lat' dir='ltr'>quae</span> <span class='ocrx_word' id='word_1_163' title='bbox 946 2351 1127 2426; x_wconf 86' lang='lat' dir='ltr'>descensu</span> <span class='ocrx_word' id='word_1_164' title='bbox 1141 2355 1320 2451; x_wconf 84' lang='lat' dir='ltr'>praecipiti</span> <span class='ocrx_word' id='word_1_165' title='bbox 1339 2357 1386 2428; x_wconf 92' lang='lat' dir='ltr'>ad</span> <span class='ocrx_word' id='word_1_166' title='bbox 1405 2382 1507 2430; x_wconf 91' lang='lat' dir='ltr'>mare</span> <span class='ocrx_word' id='word_1_167' title='bbox 1525 2360 1767 2455; x_wconf 87' lang='lat' dir='ltr'>profundum</span> 
     </span>
     <span class='ocr_line' id='line_1_18' title="bbox 291 2468 1766 2567; baseline 0.009 -21"><span class='ocrx_word' id='word_1_168' title='bbox 291 2473 527 2567; x_wconf 73' lang='lat' dir='ltr'>&amp;apertum</span> <span class='ocrx_word' id='word_1_169' title='bbox 555 2483 733 2567; x_wconf 86' lang='lat' dir='ltr'>spectant,</span> <span class='ocrx_word' id='word_1_170' title='bbox 766 2468 829 2541; x_wconf 93' lang='lat' dir='ltr'>ubi</span> <span class='ocrx_word' id='word_1_171' title='bbox 863 2494 962 2565; x_wconf 90' lang='lat' dir='ltr'>aqua</span> <span class='ocrx_word' id='word_1_172' title='bbox 995 2470 1076 2542; x_wconf 91' lang='lat' dir='ltr'>sine</span> <span class='ocrx_word' id='word_1_173' title='bbox 1107 2470 1246 2566; x_wconf 91' lang='lat' dir='ltr'>impetu</span> <span class='ocrx_word' id='word_1_174' title='bbox 1277 2473 1452 2546; x_wconf 84' lang='lat' dir='ltr'>effluendi</span> <span class='ocrx_word' id='word_1_175' title='bbox 1487 2473 1525 2546; x_wconf 77' lang='lat' dir='ltr'>dc</span> <span class='ocrx_word' id='word_1_176' title='bbox 1560 2486 1766 2559; x_wconf 90' lang='lat' dir='ltr'>remeandi</span> 
     </span>
     <span class='ocr_line' id='line_1_19' title="bbox 290 2587 1767 2687; baseline 0.009 -22"><span class='ocrx_word' id='word_1_177' title='bbox 290 2590 408 2666; x_wconf 89' lang='lat' dir='ltr'>attolli</span> <span class='ocrx_word' id='word_1_178' title='bbox 427 2589 673 2664; x_wconf 80' lang='lat' dir='ltr'>&amp;subsidere</span> <span class='ocrx_word' id='word_1_179' title='bbox 691 2603 825 2684; x_wconf 91' lang='lat' dir='ltr'>potest,</span> <span class='ocrx_word' id='word_1_180' title='bbox 844 2587 1063 2686; x_wconf 88' lang='lat' dir='ltr'>magnitudo</span> <span class='ocrx_word' id='word_1_181' title='bbox 1081 2604 1194 2662; x_wconf 86' lang='lat' dir='ltr'>aestus</span> <span class='ocrx_word' id='word_1_182' title='bbox 1220 2592 1422 2687; x_wconf 91' lang='lat' dir='ltr'>respondet</span> <span class='ocrx_word' id='word_1_183' title='bbox 1439 2591 1583 2667; x_wconf 91' lang='lat' dir='ltr'>viribus</span> <span class='ocrx_word' id='word_1_184' title='bbox 1600 2597 1698 2674; x_wconf 91' lang='lat' dir='ltr'>solis</span> <span class='ocrx_word' id='word_1_185' title='bbox 1727 2603 1767 2678; x_wconf 75' lang='lat'>81</span> 
     </span>
     <span class='ocr_line' id='line_1_20' title="bbox 290 2707 399 2788; baseline 0.064 -7"><span class='ocrx_word' id='word_1_186' title='bbox 290 2707 399 2788; x_wconf 84' lang='lat' dir='ltr'>lunae.</span> 
     </span>
    </p>

    <p class='ocr_par' dir='ltr' id='par_1_3' title="bbox 362 2821 1768 2926">
     <span class='ocr_line' id='line_1_21' title="bbox 362 2821 1768 2926; baseline 0.004 -29"><span class='ocrx_word' id='word_1_187' title='bbox 362 2826 479 2898; x_wconf 83' lang='lat' dir='ltr'>Corol.</span> <span class='ocrx_word' id='word_1_188' title='bbox 511 2847 542 2897; x_wconf 86' lang='lat'>2.</span> <span class='ocrx_word' id='word_1_189' title='bbox 573 2823 669 2897; x_wconf 92' lang='lat' dir='ltr'>Cum</span> <span class='ocrx_word' id='word_1_190' title='bbox 687 2823 745 2895; x_wconf 90' lang='lat' dir='ltr'>vis</span> <span class='ocrx_word' id='word_1_191' title='bbox 762 2821 860 2895; x_wconf 83' lang='lat' dir='ltr'>lunae</span> <span class='ocrx_word' id='word_1_192' title='bbox 879 2822 927 2894; x_wconf 90' lang='lat' dir='ltr'>ad</span> <span class='ocrx_word' id='word_1_193' title='bbox 946 2848 1047 2896; x_wconf 92' lang='lat' dir='ltr'>mare</span> <span class='ocrx_word' id='word_1_194' title='bbox 1074 2825 1300 2898; x_wconf 88' lang='lat' dir='ltr'>movendum</span> <span class='ocrx_word' id='word_1_195' title='bbox 1328 2826 1376 2898; x_wconf 92' lang='lat' dir='ltr'>sit</span> <span class='ocrx_word' id='word_1_196' title='bbox 1393 2825 1441 2898; x_wconf 89' lang='lat' dir='ltr'>ad</span> <span class='ocrx_word' id='word_1_197' title='bbox 1459 2826 1537 2899; x_wconf 91' lang='lat' dir='ltr'>vim</span> <span class='ocrx_word' id='word_1_198' title='bbox 1555 2835 1768 2926; x_wconf 77' lang='lat' dir='ltr'>gravitatis</span> 
     </span>
    </p>

    <p class='ocr_par' dir='ltr' id='par_1_4' title="bbox 239 2941 1767 4565">
     <span class='ocr_line' id='line_1_22' title="bbox 290 2941 1766 3047; baseline 0.003 -32"><span class='ocrx_word' id='word_1_199' title='bbox 290 2959 331 3015; x_wconf 93' lang='lat' dir='ltr'>ut</span> <span class='ocrx_word' id='word_1_200' title='bbox 354 2968 366 3015; x_wconf 89' lang='lat'><em>1</em></span> <span class='ocrx_word' id='word_1_201' title='bbox 390 2942 438 3015; x_wconf 92' lang='lat' dir='ltr'>ad</span> <span class='ocrx_word' id='word_1_202' title='bbox 460 2945 641 3034; x_wconf 88' lang='lat'>2871400‚</span> <span class='ocrx_word' id='word_1_203' title='bbox 661 2941 895 3036; x_wconf 91' lang='lat' dir='ltr'>perspicuum</span> <span class='ocrx_word' id='word_1_204' title='bbox 922 2957 980 3013; x_wconf 93' lang='lat' dir='ltr'>est</span> <span class='ocrx_word' id='word_1_205' title='bbox 1005 2942 1106 3037; x_wconf 92' lang='lat' dir='ltr'>quod</span> <span class='ocrx_word' id='word_1_206' title='bbox 1133 2943 1190 3014; x_wconf 90' lang='lat' dir='ltr'>vis</span> <span class='ocrx_word' id='word_1_207' title='bbox 1218 2942 1278 3015; x_wconf 89' lang='lat' dir='ltr'>illa</span> <span class='ocrx_word' id='word_1_208' title='bbox 1295 2944 1343 3014; x_wconf 91' lang='lat' dir='ltr'>sit</span> <span class='ocrx_word' id='word_1_209' title='bbox 1360 2941 1471 3040; x_wconf 90' lang='lat' dir='ltr'>longe</span> <span class='ocrx_word' id='word_1_210' title='bbox 1490 2944 1615 3019; x_wconf 91' lang='lat' dir='ltr'>minor</span> <span class='ocrx_word' id='word_1_211' title='bbox 1643 2977 1766 3047; x_wconf 82' lang='lat' dir='ltr'>quam</span> 
     </span>
     <span class='ocr_line' id='line_1_23' title="bbox 290 3056 1767 3157; baseline 0.012 -26"><span class='ocrx_word' id='word_1_212' title='bbox 290 3085 375 3156; x_wconf 74' lang='lat' dir='ltr'>quae</span> <span class='ocrx_word' id='word_1_213' title='bbox 392 3056 452 3131; x_wconf 92' lang='lat' dir='ltr'>vel</span> <span class='ocrx_word' id='word_1_214' title='bbox 473 3059 508 3130; x_wconf 95' lang='lat' dir='ltr'>in</span> <span class='ocrx_word' id='word_1_215' title='bbox 527 3058 790 3154; x_wconf 88' lang='lat' dir='ltr'>experimentis</span> <span class='ocrx_word' id='word_1_216' title='bbox 809 3056 1053 3153; x_wconf 91' lang='lat' dir='ltr'>pendulorum</span> <span class='ocrx_word' id='word_1_217' title='bbox 1081 3058 1139 3132; x_wconf 90' lang='lat' dir='ltr'>vel</span> <span class='ocrx_word' id='word_1_218' title='bbox 1168 3060 1204 3131; x_wconf 90' lang='lat' dir='ltr'>in</span> <span class='ocrx_word' id='word_1_219' title='bbox 1231 3061 1370 3132; x_wconf 90' lang='lat' dir='ltr'>staticis</span> <span class='ocrx_word' id='word_1_220' title='bbox 1396 3075 1461 3132; x_wconf 92' lang='lat' dir='ltr'>aut</span> <span class='ocrx_word' id='word_1_221' title='bbox 1486 3060 1767 3157; x_wconf 90' lang='lat' dir='ltr'>hydrostaticis</span> 
     </span>
     <span class='ocr_line' id='line_1_24' title="bbox 290 3175 1766 3274; baseline 0.01 -25"><span class='ocrx_word' id='word_1_222' title='bbox 290 3177 572 3274; x_wconf 92' lang='lat' dir='ltr'>quibuscunque</span> <span class='ocrx_word' id='word_1_223' title='bbox 589 3175 716 3248; x_wconf 91' lang='lat' dir='ltr'>sentiri</span> <span class='ocrx_word' id='word_1_224' title='bbox 734 3175 860 3271; x_wconf 92' lang='lat' dir='ltr'>possit.</span> <span class='ocrx_word' id='word_1_225' title='bbox 929 3175 973 3247; x_wconf 94' lang='lat' dir='ltr'>ln</span> <span class='ocrx_word' id='word_1_226' title='bbox 991 3192 1084 3249; x_wconf 81' lang='lat' dir='ltr'>aestu</span> <span class='ocrx_word' id='word_1_227' title='bbox 1103 3176 1184 3250; x_wconf 93' lang='lat' dir='ltr'>solo</span> <span class='ocrx_word' id='word_1_228' title='bbox 1201 3178 1343 3250; x_wconf 90' lang='lat' dir='ltr'>marino</span> <span class='ocrx_word' id='word_1_229' title='bbox 1361 3177 1441 3249; x_wconf 86' lang='lat' dir='ltr'>haec</span> <span class='ocrx_word' id='word_1_230' title='bbox 1458 3177 1517 3249; x_wconf 91' lang='lat' dir='ltr'>vis</span> <span class='ocrx_word' id='word_1_231' title='bbox 1535 3185 1766 3264; x_wconf 89' lang='lat' dir='ltr'>sensibilem</span> 
     </span>
     <span class='ocr_line' id='line_1_25' title="bbox 288 3295 565 3370; baseline -0.011 -1"><span class='ocrx_word' id='word_1_232' title='bbox 288 3295 367 3370; x_wconf 91' lang='lat' dir='ltr'>edit</span> <span class='ocrx_word' id='word_1_233' title='bbox 383 3295 565 3367; x_wconf 82' lang='lat' dir='ltr'>effectum.</span> 
     </span>
     <span class='ocr_line' id='line_1_26' title="bbox 239 3408 1766 3504; baseline 0.009 -20"><span class='ocrx_word' id='word_1_234' title='bbox 239 3492 244 3497; x_wconf 88' lang='lat'><strong>.</strong></span> <span class='ocrx_word' id='word_1_235' title='bbox 359 3412 477 3485; x_wconf 79' lang='lat' dir='ltr'>Corol.</span> <span class='ocrx_word' id='word_1_236' title='bbox 509 3435 540 3504; x_wconf 86' lang='lat'>3.</span> <span class='ocrx_word' id='word_1_237' title='bbox 571 3409 759 3504; x_wconf 81' lang='lat' dir='ltr'>Quoniam</span> <span class='ocrx_word' id='word_1_238' title='bbox 776 3409 834 3483; x_wconf 92' lang='lat' dir='ltr'>vis</span> <span class='ocrx_word' id='word_1_239' title='bbox 852 3408 951 3483; x_wconf 81' lang='lat' dir='ltr'>lunae</span> <span class='ocrx_word' id='word_1_240' title='bbox 968 3411 1016 3484; x_wconf 91' lang='lat' dir='ltr'>ad</span> <span class='ocrx_word' id='word_1_241' title='bbox 1044 3438 1145 3485; x_wconf 90' lang='lat' dir='ltr'>mare</span> <span class='ocrx_word' id='word_1_242' title='bbox 1172 3413 1399 3485; x_wconf 90' lang='lat' dir='ltr'>movendum</span> <span class='ocrx_word' id='word_1_243' title='bbox 1422 3412 1545 3485; x_wconf 90' lang='lat' dir='ltr'>estad</span> <span class='ocrx_word' id='word_1_244' title='bbox 1565 3416 1663 3493; x_wconf 90' lang='lat' dir='ltr'>solis</span> <span class='ocrx_word' id='word_1_245' title='bbox 1682 3424 1766 3500; x_wconf 90' lang='lat' dir='ltr'>vim</span> 
     </span>
     <span class='ocr_line' id='line_1_27' title="bbox 289 3527 1766 3630; baseline 0.002 -26"><span class='ocrx_word' id='word_1_246' title='bbox 289 3528 518 3604; x_wconf 89' lang='lat' dir='ltr'>consimilem</span> <span class='ocrx_word' id='word_1_247' title='bbox 544 3544 586 3601; x_wconf 92' lang='lat' dir='ltr'>ut</span> <span class='ocrx_word' id='word_1_248' title='bbox 612 3531 744 3621; x_wconf 80' lang='lat'>4,4815</span> <span class='ocrx_word' id='word_1_249' title='bbox 776 3528 823 3600; x_wconf 92' lang='lat' dir='ltr'>ad</span> <span class='ocrx_word' id='word_1_250' title='bbox 858 3552 886 3614; x_wconf 91' lang='lat'>1,</span> <span class='ocrx_word' id='word_1_251' title='bbox 916 3528 953 3601; x_wconf 76' lang='lat' dir='ltr'>dc</span> <span class='ocrx_word' id='word_1_252' title='bbox 980 3530 1078 3602; x_wconf 88' lang='lat' dir='ltr'>vires</span> <span class='ocrx_word' id='word_1_253' title='bbox 1108 3528 1178 3602; x_wconf 86' lang='lat' dir='ltr'>illae</span> <span class='ocrx_word' id='word_1_254' title='bbox 1209 3529 1290 3627; x_wconf 85' lang='lat' dir='ltr'>(per</span> <span class='ocrx_word' id='word_1_255' title='bbox 1318 3527 1425 3603; x_wconf 92' lang='lat' dir='ltr'>corol.</span> <span class='ocrx_word' id='word_1_256' title='bbox 1450 3551 1494 3622; x_wconf 87' lang='lat'>14</span> <span class='ocrx_word' id='word_1_257' title='bbox 1523 3555 1633 3630; x_wconf 89' lang='lat' dir='ltr'>prop.</span> <span class='ocrx_word' id='word_1_258' title='bbox 1669 3563 1766 3618; x_wconf 75' lang='lat' dir='ltr'><strong>wa</strong></span> 
     </span>
     <span class='ocr_line' id='line_1_28' title="bbox 288 3645 1766 3745; baseline 0.006 -25"><span class='ocrx_word' id='word_1_259' title='bbox 288 3647 347 3724; x_wconf 93' lang='lat' dir='ltr'>lib.</span> <span class='ocrx_word' id='word_1_260' title='bbox 373 3647 405 3745; x_wconf 91' lang='lat'>1)</span> <span class='ocrx_word' id='word_1_261' title='bbox 426 3665 512 3719; x_wconf 91' lang='lat' dir='ltr'>sunt</span> <span class='ocrx_word' id='word_1_262' title='bbox 530 3662 571 3719; x_wconf 92' lang='lat' dir='ltr'>ut</span> <span class='ocrx_word' id='word_1_263' title='bbox 588 3646 791 3719; x_wconf 90' lang='lat' dir='ltr'>densitates</span> <span class='ocrx_word' id='word_1_264' title='bbox 818 3672 1013 3742; x_wconf 90' lang='lat' dir='ltr'>corporum</span> <span class='ocrx_word' id='word_1_265' title='bbox 1031 3645 1129 3719; x_wconf 65' lang='lat' dir='ltr'>lunae</span> <span class='ocrx_word' id='word_1_266' title='bbox 1157 3647 1193 3720; x_wconf 76' lang='lat' dir='ltr'>dr</span> <span class='ocrx_word' id='word_1_267' title='bbox 1219 3646 1307 3719; x_wconf 92' lang='lat' dir='ltr'>solis</span> <span class='ocrx_word' id='word_1_268' title='bbox 1325 3646 1361 3719; x_wconf 75' lang='lat' dir='ltr'>dc</span> <span class='ocrx_word' id='word_1_269' title='bbox 1379 3646 1462 3718; x_wconf 93' lang='lat' dir='ltr'>cubi</span> <span class='ocrx_word' id='word_1_270' title='bbox 1481 3646 1766 3736; x_wconf 86' lang='lat' dir='ltr'>diametrorum</span> 
     </span>
     <span class='ocr_line' id='line_1_29' title="bbox 288 3763 1767 3861; baseline 0.003 -23"><span class='ocrx_word' id='word_1_271' title='bbox 288 3765 546 3861; x_wconf 91' lang='lat' dir='ltr'>apparentium</span> <span class='ocrx_word' id='word_1_272' title='bbox 588 3764 834 3861; x_wconf 89' lang='lat' dir='ltr'>conjunctim;</span> <span class='ocrx_word' id='word_1_273' title='bbox 879 3764 1043 3836; x_wconf 91' lang='lat' dir='ltr'>densitas</span> <span class='ocrx_word' id='word_1_274' title='bbox 1081 3763 1179 3836; x_wconf 84' lang='lat' dir='ltr'>lunae</span> <span class='ocrx_word' id='word_1_275' title='bbox 1214 3765 1283 3836; x_wconf 91' lang='lat' dir='ltr'>erit</span> <span class='ocrx_word' id='word_1_276' title='bbox 1316 3764 1363 3835; x_wconf 90' lang='lat' dir='ltr'>ad</span> <span class='ocrx_word' id='word_1_277' title='bbox 1399 3763 1628 3841; x_wconf 89' lang='lat' dir='ltr'>densitatem</span> <span class='ocrx_word' id='word_1_278' title='bbox 1668 3778 1767 3854; x_wconf 76' lang='lat' dir='ltr'>solis</span> 
     </span>
     <span class='ocr_line' id='line_1_30' title="bbox 287 3879 1765 3974; baseline 0.005 -20"><span class='ocrx_word' id='word_1_279' title='bbox 287 3898 329 3954; x_wconf 91' lang='lat' dir='ltr'>ut</span> <span class='ocrx_word' id='word_1_280' title='bbox 347 3885 480 3974; x_wconf 86' lang='lat'>4,4815</span> <span class='ocrx_word' id='word_1_281' title='bbox 504 3882 552 3954; x_wconf 93' lang='lat' dir='ltr'>ad</span> <span class='ocrx_word' id='word_1_282' title='bbox 587 3907 599 3952; x_wconf 92' lang='lat'>1</span> <span class='ocrx_word' id='word_1_283' title='bbox 633 3882 772 3954; x_wconf 90' lang='lat' dir='ltr'>directe</span> <span class='ocrx_word' id='word_1_284' title='bbox 801 3880 837 3953; x_wconf 75' lang='lat' dir='ltr'>dc</span> <span class='ocrx_word' id='word_1_285' title='bbox 865 3881 980 3953; x_wconf 93' lang='lat' dir='ltr'>cubus</span> <span class='ocrx_word' id='word_1_286' title='bbox 1009 3881 1179 3953; x_wconf 89' lang='lat' dir='ltr'>diametri</span> <span class='ocrx_word' id='word_1_287' title='bbox 1208 3879 1306 3953; x_wconf 84' lang='lat' dir='ltr'>lunae</span> <span class='ocrx_word' id='word_1_288' title='bbox 1333 3881 1381 3952; x_wconf 92' lang='lat' dir='ltr'>ad</span> <span class='ocrx_word' id='word_1_289' title='bbox 1410 3880 1546 3953; x_wconf 90' lang='lat' dir='ltr'>cubum</span> <span class='ocrx_word' id='word_1_290' title='bbox 1576 3886 1765 3972; x_wconf 76' lang='lat' dir='ltr'>diametri</span> 
     </span>
     <span class='ocr_line' id='line_1_31' title="bbox 286 3997 1766 4096; baseline 0.005 -25"><span class='ocrx_word' id='word_1_291' title='bbox 286 3997 374 4071; x_wconf 90' lang='lat' dir='ltr'>solis</span> <span class='ocrx_word' id='word_1_292' title='bbox 406 3999 574 4072; x_wconf 89' lang='lat' dir='ltr'>inverse:</span> <span class='ocrx_word' id='word_1_293' title='bbox 602 3998 640 4070; x_wconf 91' lang='lat' dir='ltr'>id</span> <span class='ocrx_word' id='word_1_294' title='bbox 671 4013 729 4070; x_wconf 89' lang='lat' dir='ltr'>est</span> <span class='ocrx_word' id='word_1_295' title='bbox 761 3997 858 4096; x_wconf 89' lang='lat' dir='ltr'>(cum</span> <span class='ocrx_word' id='word_1_296' title='bbox 889 3998 1058 4070; x_wconf 84' lang='lat' dir='ltr'>diametri</span> <span class='ocrx_word' id='word_1_297' title='bbox 1090 3998 1294 4070; x_wconf 89' lang='lat' dir='ltr'>mediocres</span> <span class='ocrx_word' id='word_1_298' title='bbox 1325 4013 1548 4094; x_wconf 89' lang='lat' dir='ltr'>apparentes</span> <span class='ocrx_word' id='word_1_299' title='bbox 1581 3999 1691 4083; x_wconf 79' lang='lat' dir='ltr'>lunae</span> <span class='ocrx_word' id='word_1_300' title='bbox 1726 4015 1766 4089; x_wconf 62' lang='lat'>81</span> 
     </span>
     <span class='ocr_line' id='line_1_32' title="bbox 286 4112 1765 4210; baseline 0.003 -23"><span class='ocrx_word' id='word_1_301' title='bbox 286 4113 374 4188; x_wconf 88' lang='lat' dir='ltr'>solis</span> <span class='ocrx_word' id='word_1_302' title='bbox 403 4115 477 4187; x_wconf 93' lang='lat' dir='ltr'>sint</span> <span class='ocrx_word' id='word_1_303' title='bbox 507 4115 566 4208; x_wconf 84' lang='lat'>31&#39;</span> <span class='ocrx_word' id='word_1_304' title='bbox 599 4112 686 4193; x_wconf 58' lang='lat'>16&#39;2}</span> <span class='ocrx_word' id='word_1_305' title='bbox 715 4113 751 4187; x_wconf 82' lang='lat'>&amp;</span> <span class='ocrx_word' id='word_1_306' title='bbox 780 4113 841 4207; x_wconf 84' lang='lat'>32&#39;</span> <span class='ocrx_word' id='word_1_307' title='bbox 874 4113 955 4210; x_wconf 86' lang='lat'>12&#39;&#39;)</span> <span class='ocrx_word' id='word_1_308' title='bbox 987 4130 1028 4186; x_wconf 92' lang='lat' dir='ltr'>ut</span> <span class='ocrx_word' id='word_1_309' title='bbox 1055 4118 1149 4205; x_wconf 82' lang='lat'>4891</span> <span class='ocrx_word' id='word_1_310' title='bbox 1182 4114 1230 4186; x_wconf 91' lang='lat' dir='ltr'>ad</span> <span class='ocrx_word' id='word_1_311' title='bbox 1255 4138 1359 4188; x_wconf 89' lang='lat'>1000.</span> <span class='ocrx_word' id='word_1_312' title='bbox 1414 4114 1597 4191; x_wconf 88' lang='lat' dir='ltr'>Densitas</span> <span class='ocrx_word' id='word_1_313' title='bbox 1625 4145 1765 4207; x_wconf 69' lang='lat' dir='ltr'>autem</span> 
     </span>
     <span class='ocr_line' id='line_1_33' title="bbox 284 4231 1766 4327; baseline 0.01 -23"><span class='ocrx_word' id='word_1_314' title='bbox 284 4231 372 4305; x_wconf 90' lang='lat' dir='ltr'>solis</span> <span class='ocrx_word' id='word_1_315' title='bbox 391 4250 470 4306; x_wconf 88' lang='lat' dir='ltr'>erat</span> <span class='ocrx_word' id='word_1_316' title='bbox 488 4233 536 4305; x_wconf 89' lang='lat' dir='ltr'>ad</span> <span class='ocrx_word' id='word_1_317' title='bbox 555 4233 776 4305; x_wconf 91' lang='lat' dir='ltr'>densitatem</span> <span class='ocrx_word' id='word_1_318' title='bbox 796 4247 903 4305; x_wconf 82' lang='lat' dir='ltr'>terrae</span> <span class='ocrx_word' id='word_1_319' title='bbox 922 4248 963 4304; x_wconf 89' lang='lat' dir='ltr'>ut</span> <span class='ocrx_word' id='word_1_320' title='bbox 986 4256 1079 4306; x_wconf 90' lang='lat'>1000</span> <span class='ocrx_word' id='word_1_321' title='bbox 1097 4231 1144 4304; x_wconf 87' lang='lat' dir='ltr'>ad</span> <span class='ocrx_word' id='word_1_322' title='bbox 1164 4256 1284 4324; x_wconf 89' lang='lat' dir='ltr'>4ooo;</span> <span class='ocrx_word' id='word_1_323' title='bbox 1310 4232 1346 4305; x_wconf 77' lang='lat' dir='ltr'>dc</span> <span class='ocrx_word' id='word_1_324' title='bbox 1364 4246 1562 4327; x_wconf 88' lang='lat' dir='ltr'>propterea</span> <span class='ocrx_word' id='word_1_325' title='bbox 1580 4237 1766 4325; x_wconf 83' lang='lat' dir='ltr'>densitas</span> 
     </span>
     <span class='ocr_line' id='line_1_34' title="bbox 283 4349 1766 4445; baseline 0.001 -24"><span class='ocrx_word' id='word_1_326' title='bbox 283 4349 381 4422; x_wconf 83' lang='lat' dir='ltr'>lunae</span> <span class='ocrx_word' id='word_1_327' title='bbox 409 4367 466 4424; x_wconf 87' lang='lat' dir='ltr'>est</span> <span class='ocrx_word' id='word_1_328' title='bbox 494 4351 542 4423; x_wconf 90' lang='lat' dir='ltr'>ad</span> <span class='ocrx_word' id='word_1_329' title='bbox 572 4351 795 4424; x_wconf 90' lang='lat' dir='ltr'>densitatem</span> <span class='ocrx_word' id='word_1_330' title='bbox 824 4366 932 4422; x_wconf 67' lang='lat' dir='ltr'>terrae</span> <span class='ocrx_word' id='word_1_331' title='bbox 962 4365 1002 4421; x_wconf 95' lang='lat' dir='ltr'>ut</span> <span class='ocrx_word' id='word_1_332' title='bbox 1030 4353 1122 4440; x_wconf 82' lang='lat'>4891</span> <span class='ocrx_word' id='word_1_333' title='bbox 1157 4349 1204 4421; x_wconf 94' lang='lat' dir='ltr'>ad</span> <span class='ocrx_word' id='word_1_334' title='bbox 1234 4374 1334 4440; x_wconf 89' lang='lat'>4000</span> <span class='ocrx_word' id='word_1_335' title='bbox 1361 4376 1426 4422; x_wconf 90' lang='lat' dir='ltr'>seu</span> <span class='ocrx_word' id='word_1_336' title='bbox 1452 4373 1488 4420; x_wconf 88' lang='lat'>11</span> <span class='ocrx_word' id='word_1_337' title='bbox 1512 4351 1561 4423; x_wconf 90' lang='lat' dir='ltr'>ad</span> <span class='ocrx_word' id='word_1_338' title='bbox 1583 4379 1619 4444; x_wconf 85' lang='lat'>9.</span> <span class='ocrx_word' id='word_1_339' title='bbox 1687 4365 1766 4445; x_wconf 64' lang='lat' dir='ltr'>Est</span> 
     </span>
     <span class='ocr_line' id='line_1_35' title="bbox 285 4466 1621 4565; baseline 0.001 -26"><span class='ocrx_word' id='word_1_340' title='bbox 285 4466 396 4564; x_wconf 88' lang='lat' dir='ltr'>igitur</span> <span class='ocrx_word' id='word_1_341' title='bbox 413 4494 546 4565; x_wconf 89' lang='lat' dir='ltr'>corpus</span> <span class='ocrx_word' id='word_1_342' title='bbox 565 4468 662 4541; x_wconf 83' lang='lat' dir='ltr'>lunae</span> <span class='ocrx_word' id='word_1_343' title='bbox 679 4468 832 4541; x_wconf 89' lang='lat' dir='ltr'>densius</span> <span class='ocrx_word' id='word_1_344' title='bbox 852 4467 888 4539; x_wconf 70' lang='lat'>81</span> <span class='ocrx_word' id='word_1_345' title='bbox 907 4468 1025 4564; x_wconf 87' lang='lat' dir='ltr'>magis</span> <span class='ocrx_word' id='word_1_346' title='bbox 1044 4484 1216 4540; x_wconf 89' lang='lat' dir='ltr'>terrestre</span> <span class='ocrx_word' id='word_1_347' title='bbox 1235 4493 1345 4563; x_wconf 93' lang='lat' dir='ltr'>quam</span> <span class='ocrx_word' id='word_1_348' title='bbox 1366 4482 1461 4540; x_wconf 87' lang='lat' dir='ltr'>terra</span> <span class='ocrx_word' id='word_1_349' title='bbox 1480 4484 1621 4548; x_wconf 81' lang='lat' dir='ltr'>nostra</span> 
     </span>
    </p>
   </div>
   <div class='ocr_carea' id='block_1_3' title="bbox 0 0 2048 5768">
    <p class='ocr_par' dir='ltr' id='par_1_5' title="bbox 0 0 2048 5768">
     <span class='ocr_line' id='line_1_36' title="bbox 0 0 2048 5768; baseline 0 2"><span class='ocrx_word' id='word_1_350' title='bbox 0 0 2048 5768; x_wconf 95' lang='lat' dir='ltr'> </span> 
     </span>
    </p>
   </div>
  </div>
 </body>
</html>
