4088 5768
628 375 635 380 ’
717 408 859 468 amar
884 407 1084 468 raxrrus.
1557 412 1632 498 469

243 608 362 683 Corol.
383 631 416 700 4.
448 606 501 680 Et
518 631 602 680 cum
619 629 709 679 vera
726 605 908 679 diameter
933 602 1031 678 lunae
1053 628 1101 677 ex
1127 602 1449 678 observationibus
1467 617 1633 678 astrono-

174 728 278 800 micis
296 726 344 820 sit
361 725 409 799 ad
427 749 554 799 veram
572 723 793 797 diametrum
817 737 925 797 terrae
943 737 985 796 ut
1016 745 1086 796 100
1111 721 1159 795 ad
1188 727 1233 815 36
1239 742 1257 814 5
1273 747 1281 808 ;
1307 719 1377 794 0111
1394 745 1517 793 massa
1534 718 1632 795 lunae

134 922 138 928 ,
173 844 222 916 ad
240 867 402 916 massam
420 857 527 915 terrae
546 855 588 914 ut
610 865 622 913 1
645 840 694 913 ad
715 844 858 935 39,788.

244 960 361 1033 Corol.
384 980 413 1052 5.
445 959 497 1031 Et
526 958 691 1056 gravitas
721 956 957 1032 acceleratrix
992 957 1029 1030 in
1060 956 1254 1054 superficie
1288 954 1386 1029 lunae
1422 955 1491 1030 erit
1526 957 1632 1052 quasi

173 1074 282 1173 triplo
301 1077 422 1166 minor
439 1100 551 1172 quam
568 1076 733 1173 gravitas
751 1075 986 1150 acceleratrix
1005 1075 1042 1148 in
1060 1074 1254 1171 superficie
1272 1088 1390 1147 terrae.

243 1196 360 1269 Corol.
382 1201 414 1269 6.
445 1194 498 1268 Et
515 1195 691 1268 distantia
708 1195 823 1268 centri
841 1192 938 1268 lunae
957 1219 979 1266 a
996 1210 1123 1267 centro
1141 1185 1248 1266 terrae
1267 1192 1337 1265 erit
1353 1191 1401 1265 ad
1419 1190 1632 1264 distantiam

173 1313 287 1386 centri
314 1310 412 1385 lunae
442 1338 465 1384 a
495 1311 681 1386 communi
710 1312 904 1410 gravitatis
935 1327 1061 1385 centro
1092 1325 1200 1384 terrae
1233 1309 1269 1382 81
1299 1307 1406 1396 lunae,
1425 1323 1467 1382 ut
1496 1311 1631 1403 40,788

172 1429 221 1503 ad
241 1432 386 1524 39,788.
1096 1486 1099 1491 .

244 1547 362 1620 Corol.
388 1567 417 1640 7.
449 1546 502 1620 Et
532 1545 727 1620 mediocris
758 1544 934 1617 distantia
964 1544 1080 1617 centri
1111 1541 1209 1617 lunae
1244 1569 1267 1616 a
1296 1557 1424 1618 centro
1454 1558 1563 1618 terrae
1595 1543 1632 1616 in

174 1664 383 1738 octantibus
409 1660 507 1736 lunae
535 1663 605 1736 erit
630 1661 989 1736 semidiametrorum
1016 1660 1261 1733 maximarum
1288 1645 1631 1759 101106010110111-

173 1780 351 1876 proxime.
409 1780 510 1853 Nam
524 1795 632 1854 terrae
649 1778 924 1854 semidiameter
942 1779 1102 1851 maxima
1120 1777 1189 1850 fuit
1205 1777 1344 1874 pedum
1361 1779 1633 1852 Parzsr'ensr'um

179 1900 385 1989 19658600,
406 1895 442 1969 &
468 1898 663 1972 mediocris
681 1897 857 1975 distantia
874 1911 1083 1970 centrorum
1102 1911 1210 1968 terrae
1235 1893 1276 1999 Ι81
1303 1892 1410 1982 lunae,
1430 1922 1478 1968 ex
1504 1896 1631 1993 hujus-

175 2015 276 2087 modi
302 2014 585 2088 semidiametris
613 2015 682 2094 6οὲ
708 2030 891 2101 constans,
920 2012 1074 2110 aequalis
1100 2026 1158 2086 est
1183 2013 1342 2108 pedibus
1374 2017 1629 2107 1187379440.

177 2132 229 2204 Et
247 2132 327 2205 haec
353 2133 529 2206 distantia
549 2132 630 2229 (per
655 2133 887 2208 corollarium
913 2130 1096 2230 superius)
1117 2146 1175 2203 est
1201 2131 1249 2203 ad
1276 2131 1489 2204 distantiam
1517 2130 1632 2205 centri

174 2247 272 2323 lunae
290 2276 312 2323 a
330 2250 515 2325 communi
541 2251 735 2349 gravitatis
752 2266 880 2324 centro
898 2265 1005 2324 terrae
1023 2248 1060 2321 81
1077 2246 1175 2321 lunae
1193 2262 1234 2320 ut
1251 2250 1386 2340 4o,788
1405 2248 1452 2320 ad
1474 2250 1606 2342 39,788
1624 2275 1631 2322 :

175 2368 335 2464 ideoque
365 2369 541 2441 distantia
568 2370 752 2465 posterior
781 2384 839 2442 est
868 2369 1006 2465 pedum
1038 2368 1293 2461 1158268534.
1351 2365 1403 2438 Et
1433 2390 1517 2439 cum
1544 2363 1631 2437 luna

174 2483 396 2572 revolvatur,
416 2501 584 2581 respectu
613 2485 778 2573 fixarum,
797 2487 929 2561 diebus
949 2508 995 2579 27
1014 2485 1114 2559 horis
1135 2507 1155 2580 7
1175 2484 1211 2558 &
1228 2485 1379 2557 minutis
1397 2485 1524 2582 primis
1542 2483 1633 2577 431ς

174 2600 277 2672 sinus
295 2627 425 2675 versus
451 2601 586 2700 anguli,
606 2628 718 2699 quem
744 2601 832 2676 luna
862 2618 1030 2699 tempore
1061 2603 1191 2676 minuti
1223 2603 1331 2676 unius
1361 2603 1469 2700 primi
1496 2603 1632 2677 descri-

175 2717 239 2803 bit,
258 2733 316 2791 est
339 2739 406 2812 127
411 2741 455 2813 52
462 2743 543 2813 341,
563 2721 747 2794 existente
765 2721 869 2794 radio
892 2745 1321 2807 rooo,000000,000000.
1378 2721 1430 2796 Et
1447 2737 1489 2795 ut
1507 2722 1631 2795 radius

173 2848 234 2906 est
264 2833 312 2906 ad
343 2835 442 2909 hunc
472 2837 595 2910 sinum
626 2864 787 2927 versum,
813 2838 864 2911 ita
894 2854 981 2910 sunt
1006 2837 1123 2935 pedes
1159 2841 1405 2932 1158268534
1435 2839 1484 2912 ad
1514 2840 1631 2936 pedes

101 2955 102 2958 ’
180 2958 419 3047 147706355.
477 2954 585 3027 Luna
613 2955 724 3054 igitur
750 2957 788 3029 vi
816 2955 885 3042 illa,
904 2981 979 3052 qua
1006 2957 1184 3030 retinetur
1212 2957 1248 3029 in
1280 2957 1379 3043 orbe,
1399 2957 1567 3032 cadendo
1595 2957 1631 3029 in

175 3083 310 3142 terram
337 3085 505 3168 tempore
531 3073 661 3145 minuti
680 3073 788 3145 unius
806 3072 913 3170 primi
932 3074 1116 3148 describet
1133 3072 1249 3169 pedes
1273 3080 1451 3168 14,77063
1457 3096 1476 3168 5
1482 3098 1512 3167 3.
1580 3074 1634 3146 Et

174 3188 349 3285 augendo
384 3188 480 3262 hanc
515 3190 591 3262 vim
623 3191 660 3264 in
691 3191 833 3264 ratione
873 3189 980 3285 178111
1012 3191 1062 3263 ad
1097 3191 1208 3285 177i’1l}
1238 3191 1434 3265 habebitur
1464 3193 1521 3265 vis
1553 3207 1632 3265 tota

173 3307 368 3403 gravitatis
387 3306 424 3379 in
442 3307 533 3380 orbe
550 3306 648 3382 lunae
666 3334 733 3405 per
758 3307 879 3383 Corol.
903 3310 1010 3405 Prop.
1038 3333 1089 3384 111.
1146 3310 1199 3383 Et
1216 3310 1285 3382 hac
1303 3311 1340 3382 vi
1358 3309 1446 3382 luna
1462 3309 1632 3382 cadendo

175 3437 343 3520 tempore
378 3424 509 3497 minuti
544 3425 653 3498 unius
687 3425 796 3521 primi
824 3426 1010 3498 describet
1037 3425 1153 3522 pedes
1188 3429 1427 3519 148538067.
1497 3424 1549 3497 Ε1
1583 3423 1631 3496 ad

165 3541 446 3638 ‘sexagesimam
473 3558 617 3636 partem
648 3542 835 3615 distantiae
866 3540 963 3615 lunae
994 3568 1016 3615 a
1042 3558 1169 3616 centro
1196 3558 1313 3629 terrae,
1333 3542 1370 3614 id
1398 3541 1529 3616 estad
1557 3541 1631 3614 dis-

176 3658 330 3729 tantiam
364 3658 504 3753 pedum
540 3662 757 3752 197896573
790 3685 812 3731 a
839 3675 967 3732 centro
1001 3673 1118 3745 terrae,
1148 3683 1281 3754 corpus
1314 3684 1431 3757 grave
1465 3674 1632 3755 tempore

176 3773 306 3844 minuti
338 3773 446 3844 unius
482 3774 634 3846 secundi
670 3776 838 3849 cadendo
868 3776 1053 3848 describet
1086 3776 1198 3848 etiam
1232 3776 1348 3871 pedes
1390 3780 1631 3871 14,8538067.

179 3889 346 3984 Ideoque
364 3887 412 3960 ad
432 3888 645 3961 distantiam
664 3891 802 3986 pedum
826 3895 1030 3984 19615800,
1046 3891 1109 3988 qui
1128 3907 1216 3964 sunt
1233 3906 1340 3966 terrae
1358 3894 1634 3968 semidiameter

176 4011 382 4095 mediocris
409 4036 525 4108 grave
556 4010 725 4084 cadendo
754 4011 938 4085 describet
964 4011 1080 4108 pedes
1117 4031 1306 4104 15,11175,
1335 4037 1401 4085 seu
1432 4012 1549 4109 pedes
1589 4034 1630 4107 15

178 4132 251 4229 dig.
279 4155 291 4202 1
316 4128 352 4202 81
378 4127 437 4202 lin.
460 4128 534 4220 41¹1.
606 4127 681 4201 Hic
708 4130 777 4203 erit
802 4130 1003 4202 descensus
1034 4155 1229 4226 corporum
1260 4130 1297 4202 in
1328 4127 1522 4203 latitudine
1551 4155 1634 4227 gra-

178 4250 294 4321 duum
329 4267 386 4339 45.
442 4246 494 4318 Et
524 4271 592 4343 per
626 4245 789 4319 tabulam
819 4248 1092 4343 praecedentem
1121 4248 1158 4320 in
1189 4271 1292 4343 prop.
1326 4270 1380 4319 xx
1411 4247 1634 4344 descriptam

178 4370 380 4441 descensus
398 4366 467 4439 erit
484 4363 595 4462 paulo
614 4366 732 4463 major
749 4366 785 4439 in
804 4364 997 4438 latitudine
1014 4367 1175 4438 Lutetiae
1195 4365 1435 4438 Parisiorum
1452 4366 1635 4439 existente

179 4510 335 4560 excessu
362 4484 467 4579 quasi
494 4484 513 4562 ἓ
541 4483 701 4580 partium
733 4482 850 4556 lineae.
916 4483 1058 4556 Gravia
1086 4484 1198 4580 igitur
1224 4509 1292 4580 per
1321 4483 1391 4557 hoc
1422 4498 1635 4580 computum

180 4605 217 4676 in
252 4601 445 4674 latitudine
479 4600 639 4673 Lutetiae
671 4601 840 4674 cadendo
869 4600 904 4672 in
940 4625 1060 4674 vacuo
1094 4602 1306 4674 describent
1333 4618 1500 4698 ternpore
1528 4602 1636 4674 unius

179 4719 331 4795 secundi
359 4717 474 4814 pedes
495 4717 720 4791 Porticenses
751 4740 791 4811 15
820 4718 895 4815 dig.
921 4716 1325 4811 181111141101101101.
1382 4720 1487 4793 Etsi
1513 4720 1635 4819 gravi-
