4110 5782
436 431 508 520 438
882 439 950 495 DE
971 438 1136 498 MUNDI
1150 436 1421 497 SYSTEMATE

437 642 547 698 rectae
566 627 600 699 S
616 629 653 700 Τ
663 655 686 702 a
704 647 801 704 terra
818 633 865 705 ad
883 632 999 707 solem
1018 634 1141 706 ductae
1159 630 1372 729 parallelam
1391 631 1555 705 trahitur.
1596 629 1665 702 Vis
1683 631 1837 726 priorL
1852 633 1914 705 M

435 741 513 837 agit
543 746 746 818 secundum
778 747 928 843 planum
959 750 1058 824 orbis
1089 748 1236 835 lunaris
1265 748 1301 821 &
1332 763 1529 844 propterea
1563 749 1676 820 situm
1712 746 1818 844 plani
1850 749 1905 823 nil

437 872 563 932 mutat.
634 860 730 935 Haec
751 862 862 960 igitur
879 864 1103 963 negligenda
1121 881 1186 940 est.
1242 866 1311 937 Vis
1330 865 1512 961 posterior
1529 864 1584 936 M
1600 866 1638 936 T
1648 891 1723 961 qua
1740 864 1905 961 planum

436 974 535 1046 orbis
554 975 690 1051 lunaris
709 983 944 1076 perturbatur
964 982 1096 1055 eadem
1115 997 1172 1055 est
1189 1007 1274 1054 cum
1291 983 1329 1053 vi
1358 983 1429 1074 3P
1441 983 1489 1053 K
1498 980 1557 1054 vel
1578 983 1639 1075 3l
1653 983 1693 1058 T.
1749 983 1805 1056 Et
1818 983 1907 1058 haec

435 1091 492 1163 vis
513 1092 595 1189 (per
611 1120 713 1191 prop.
742 1097 834 1194 xxv)
855 1114 912 1171 est
929 1099 977 1170 ad
995 1099 1072 1170 vim
1099 1125 1173 1195 qua
1190 1097 1277 1170 luna
1295 1099 1332 1170 in
1351 1096 1486 1172 circulo
1504 1099 1600 1172 circa
1617 1114 1752 1173 terram
1770 1100 1902 1195 quies-

435 1224 581 1282 centem
608 1227 775 1309 tempore
794 1241 862 1288 suo
888 1215 1076 1310 periodico
1093 1215 1324 1288 uniformiter
1342 1214 1482 1289 revolvi
1502 1231 1638 1311 posset,
1657 1232 1699 1289 ut
1718 1218 1780 1309 3]
1795 1216 1838 1288 T
1847 1218 1901 1291 ad

436 1327 582 1400 radium
613 1329 735 1403 circuli
762 1331 1044 1428 multiplicatum
1072 1359 1139 1429 per
1165 1359 1358 1406 numerum
1392 1337 1520 1427 178,72
1527 1356 1559 1427 5,
1586 1334 1666 1407 sive
1692 1347 1733 1405 ut
1750 1333 1779 1405 l
1796 1334 1839 1406 T
1848 1335 1901 1408 ad

435 1444 578 1517 radium
607 1445 888 1545 multiplicatum
919 1477 987 1547 per
1014 1472 1155 1546 59,575.
1212 1452 1399 1525 Caeterum
1436 1451 1472 1523 in
1503 1451 1574 1524 hoc
1605 1448 1753 1537 calculo,
1786 1450 1827 1524 82
1851 1475 1902 1525 eo

438 3923 537 3995 omni
568 3927 630 4021 qui
659 3929 834 4024 sequitur,
865 3928 1059 4002 considero
1087 3926 1204 4001 lineas
1231 3953 1361 4001 omnes
1389 3954 1412 4001 a
1437 3926 1525 3999 luna
1550 3923 1597 3996 ad
1628 3920 1745 3995 solem
1763 3918 1896 3990 ductas

437 4051 614 4135 tanquam
633 4044 825 4138 parallelas
843 4044 951 4119 lineae
966 4071 1051 4141 quae
1069 4071 1091 4116 a
1109 4060 1206 4117 terra
1219 4044 1266 4116 ad
1279 4045 1394 4118 solem
1414 4045 1567 4127 ducitur,
1583 4053 1780 4136 propterea
1791 4034 1893 4131 quod

435 4152 622 4233 inclinatio
650 4177 793 4234 tantum
821 4163 897 4236 sere
932 4162 1063 4234 minuit
1093 4162 1245 4234 effectus
1277 4187 1407 4236 omnes
1443 4163 1478 4234 in
1513 4158 1697 4254 aliquibus
1737 4152 1893 4238 casibus,

438 4290 617 4366 quantum
646 4295 760 4375 auget
796 4280 832 4351 in
860 4278 962 4367 aliis;
1006 4279 1042 4351 ἃ
1070 4279 1253 4351 nodorum
1282 4294 1404 4352 motus
1440 4277 1645 4350 mediocres
1683 4270 1892 4369 quaerimus,

436 4388 614 4487 neglectis
646 4395 852 4471 istiusmodi
884 4397 1055 4483 minutiis
1088 4420 1172 4492 quae
1207 4395 1386 4470 calculum
1415 4394 1524 4467 nimis
1554 4390 1773 4486 impeditum
1812 4385 1895 4459 red·

437 4504 576 4583 derent

491 4625 675 4725 Designet
696 4633 774 4730 jam
803 4633 905 4705 PM
924 4656 1060 4717 arcum,
1080 4655 1192 4727 quem
1210 4629 1297 4702 luna
1314 4630 1405 4703 dato
1422 4645 1590 4722 tempore
1608 4649 1720 4721 quam
1738 4620 1893 4694 minimo

438 4737 621 4831 describit,
642 4747 677 4820 ἃ
703 4750 802 4822 ML
830 4748 1002 4824 lineolam
1030 4749 1133 4845 cujus
1159 4747 1354 4821 dimidium
1380 4745 1477 4833 luna,
1504 4741 1717 4839 impellente
1735 4739 1772 4814 vi
1800 4763 1892 4834 prae-

436 4857 512 4932 fata
541 4866 602 4958 3l
616 4866 655 4950 T,
684 4868 815 4940 eodem
836 4885 1001 4962 tempore
1018 4866 1228 4939 describere
1245 4882 1379 4962 posset.
1434 4865 1645 4960 Jungantur
1662 4858 1756 4940 PL,
1784 4856 1891 4940 MP,
