4110 5782
410 449 479 520 322
886 423 952 479 aa
972 421 1107 481 Mora
1129 421 1385 481 conponam

478 619 595 696 Cerol.
620 638 650 712 5.
682 616 843 690 Etcum
871 641 1026 712 corpora
1053 613 1194 703 similia,
1213 613 1370 712 aequalia
1399 616 1435 688 81
1458 614 1707 712 aequivelocia,
1728 616 1764 688 in
1789 643 1865 691 me·

406 737 478 811 diis
496 735 663 834 ejusdem
682 734 884 819 densitatis
904 759 1060 829 quorum
1080 731 1268 828 particulae
1294 758 1335 806 se
1361 749 1490 805 mutuo
1516 758 1590 806 non
1612 732 1767 830 lugiunt,
1786 735 1867 807 sive

406 850 596 950 particulae
628 849 698 924 illae
726 849 801 923 sint
831 849 1009 946 plures&
1040 850 1211 935 minoreS,
1240 850 1320 924 sive
1346 849 1538 946 pauciores
1569 849 1605 921 81
1631 849 1800 946 majores,
1830 849 1866 921 in

407 967 589 1066 aequalem
608 967 772 1040 materiae
791 968 1034 1062 quantitatem
1054 966 1282 1063 temporibus
1300 964 1504 1062 aequalibus
1523 966 1738 1063 impingant,
1758 967 1867 1062 eique

408 1083 589 1183 aequalem
633 1099 755 1157 motus
798 1084 1043 1179 quantitatem
1087 1085 1307 1181 imprimant,
1345 1084 1381 1156 81
1423 1083 1585 1156 vicissim
1628 1083 1710 1180 (per
1743 1100 1866 1157 motus

406 1201 529 1300 legem
564 1199 725 1298 tertiam)
758 1199 939 1297 aequalem
974 1201 1022 1272 ab
1052 1201 1185 1274 eadem
1220 1200 1442 1274 reactionem
1474 1200 1669 1296 patiantur,
1698 1200 1769 1274 hoc
1799 1216 1865 1286 est,

407 1316 599 1415 aequaliter
616 1317 856 1391 resistantur:
884 1316 1120 1389 manifestum
1149 1331 1206 1391 est
1232 1317 1344 1390 etiam
1366 1319 1466 1414 quod
1494 1318 1530 1389 in
1558 1318 1724 1415 ejusdem
1743 1317 1865 1390 densi-

407 1436 493 1510 tatis
520 1433 641 1506 fluidis
672 1432 840 1519 elasticiS,
868 1434 931 1506 ubi
959 1431 1191 1506 velocissime
1218 1448 1422 1521 moventur,
1450 1431 1613 1529 aequales
1639 1435 1713 1507 sint
1738 1459 1866 1507 eorum

407 1552 628 1628 resistentiae
654 1575 766 1647 quam
792 1551 980 1646 proxime;
1008 1551 1089 1624 sive
1116 1550 1229 1623 fluida
1255 1549 1315 1622 illa
1341 1575 1388 1623 ex
1414 1550 1601 1646 particulis
1627 1551 1866 1624 crassioribus

406 1683 587 1758 constent,
606 1664 687 1740 sive
704 1690 751 1740 ex
769 1668 934 1740 omnium
952 1665 1200 1739 subtilissimis
1218 1667 1494 1740 constituantur.
1552 1667 1613 1739 Ex
1642 1666 1753 1739 medii
1782 1667 1865 1739 sub·

407 1787 539 1862 tilitate
567 1782 775 1859 resistentia
802 1782 1046 1882 projectilium
1065 1783 1253 1858 celerrime
1280 1801 1464 1858 motorum
1483 1810 1557 1857 non
1585 1781 1740 1856 multum
1759 1783 1865 1855 dimi-

409 1905 541 1977 nuitur.

477 2019 595 2095 Caral.
617 2023 650 2092 6.
683 2012 779 2091 Haec
797 2018 922 2092 omnia
940 2018 990 2090 ita
1008 2043 1048 2092 se
1072 2018 1211 2092 habent
1237 2018 1273 2091 in
1300 2018 1432 2105 fluidis,
1452 2044 1608 2115 quorum
1634 2018 1692 2090 vis
1719 2005 1893 2091 elastica

406 2161 454 2210 ex
480 2132 740 2234 particularum
758 2134 898 2207 viribus
916 2134 1131 2232 centrisugis
1149 2135 1330 2232 originem
1353 2135 1464 2208 ducit
1519 2134 1633 2228 Quod
1662 2135 1693 2208 si
1720 2135 1778 2207 vis
1805 2133 1866 2207 illa

407 2251 556 2327 aliunde
573 2250 720 2337 oriatur,
740 2250 854 2324 veluti
881 2277 928 2325 ex
954 2250 1214 2349 particularum
1233 2252 1461 2349 expansione
1486 2252 1534 2324 ad
1562 2253 1677 2324 instar
1692 2249 1787 2324 lanae
1805 2249 1865 2324 vel

407 2395 593 2444 ramorum
611 2369 795 2456 arborum,
815 2382 879 2440 aut
896 2392 943 2440 ex
969 2366 1041 2440 alia
1067 2369 1199 2464 quavis
1224 2394 1344 2456 causa,
1364 2395 1439 2466 qua
1457 2383 1579 2442 motus
1606 2366 1864 2464 particularum

409 2487 505 2560 inter
521 2512 563 2559 se
581 2485 786 2558 redduntur
803 2485 924 2557 minus
942 2483 1070 2560 liberi:
1097 2487 1315 2575 resistentia,
1334 2486 1384 2558 ob
1410 2485 1591 2560 minorem
1617 2485 1730 2559 medii
1749 2485 1865 2558 fluidi-

408 2619 533 2690 tatem,
553 2601 622 2676 erit
640 2602 758 2702 major
774 2627 887 2698 quam
908 2603 944 2674 in
962 2602 1212 2698 superioribus
1230 2600 1436 2675 corollariis

462 2876 836 2954 PROPOSITIO
882 2877 1101 2952 XXXIV.
1177 2877 1534 2952 THEOREMA
1582 2877 1811 2951 XXVIII.

408 3093 459 3166 Si
473 3092 604 3190 globus
622 3094 671 3170 ὢ·
694 3092 884 3188 cylindrus
899 3083 1098 3188 (equalibus
1121 3092 1311 3166 diametris
1326 3091 1504 3190 descripti,
1523 3093 1565 3167 in
1582 3093 1801 3166 mediarana
1826 3118 1870 3164 eu

465 3208 669 3304 particulis
693 3209 893 3305 aequalibus
911 3211 960 3286 ὢ*
976 3209 1029 3281 ad
1048 3210 1201 3305 aquales
1224 3211 1269 3282 ab
1290 3209 1440 3283 cnac'cem
1457 3210 1654 3283 distantias
1670 3208 1779 3281 libere
1793 3207 1864 3280 dis-

467 3325 601 3420 yasites
616 3335 805 3413 constante,
824 3326 1016 3399 secundum
1034 3327 1190 3422 plagam
1207 3325 1289 3397 axis
1307 3326 1477 3420 cylindri,
1496 3325 1632 3422 aquali
1646 3350 1726 3398 cunc
1744 3325 1864 3398 veloci-

476 3450 550 3514 tate
565 3450 803 3517 moveantur:
828 3443 901 3516 crit
917 3442 1118 3516 resistentia
1128 3443 1234 3539 globi
1254 3442 1367 3538 duplo
1392 3441 1517 3514 neinar
1530 3467 1641 3537 quarn
1664 3441 1866 3514 resistentia
1917 3460 1919 3464 ·

477 3557 651 3654 cylindri.

479 3772 580 3845 Nam
609 3774 784 3870 quoniam
801 3774 897 3848 actio
924 3773 1035 3847 medii
1063 3773 1099 3846 in
1118 3798 1252 3869 corpus
1270 3772 1401 3846 eadem
1423 3785 1480 3844 est
1505 3768 1587 3868 (per
1611 3768 1736 3866 legum
1755 3767 1863 3842 corol.

411 3888 447 3987 5)
480 3888 561 3963 sive
586 3914 719 3986 corpus
748 3891 784 3962 in
814 3890 936 3962 medio
965 3888 1177 3986 quiescente
1204 3904 1405 3973 moveatur,
1437 3888 1517 3960 sive
1545 3887 1657 3960 medii
1685 3885 1873 3982 particulae

413 4006 546 4080 eadem
564 4031 648 4079 cum
674 4005 869 4080 velocitate
896 4006 1103 4103 impingant
1129 4006 1166 4078 in
1192 4031 1325 4100 corpus
1352 4003 1570 4100 quiescens:
1597 4003 1873 4077 consideremus

411 4146 546 4219 corpus
584 4139 762 4219 tanquam
797 4123 1003 4219 quiescens
1040 4121 1077 4194 81
1110 4121 1305 4194 videamus
1340 4146 1415 4216 quo
1455 4120 1594 4216 impetu
1630 4119 1821 4215 urgebitur
1850 4143 1873 4189 a

412 4238 538 4312 medio
565 4252 749 4312 movente.
807 4238 992 4335 Designet
1010 4237 1121 4334 igitur
1137 4238 1178 4309 A
1194 4237 1294 4309 BK
1302 4238 1332 4308 J
1354 4262 1488 4332 corpus
1506 4235 1726 4332 sphaericum
1745 4250 1872 4307 centro

415 4355 450 4429 C
476 4355 753 4428 semidiametro
785 4353 819 4428 C
827 4355 868 4426 Α
903 4354 1138 4450 descriptum,
1172 4353 1209 4426 81
1237 4353 1400 4426 incidant
1429 4350 1618 4448 particulae
1649 4350 1760 4424 medii
1785 4349 1873 4421 data

413 4493 498 4541 cum
516 4468 712 4545 velocitate
739 4470 775 4541 in
794 4495 927 4566 corpus
954 4469 1042 4544 illud
1069 4469 1302 4567 sphaericum,
1321 4469 1525 4541 secundum
1551 4483 1670 4541 rectas
1696 4465 1765 4562 ipsi
1782 4466 1823 4537 A
1843 4467 1877 4537 C

414 4583 625 4682 parallelas:
657 4587 779 4681 sitque
808 4587 895 4659 FB
920 4586 1102 4684 ejusmodi
1134 4600 1243 4659 recta
1313 4584 1356 4657 In
1381 4611 1426 4659 ea
1451 4585 1617 4680 capiatur
1641 4585 1677 4657 L
1696 4585 1736 4656 B
1765 4582 1871 4655 semi-

346 4731 348 4734 ⁴
412 4701 596 4776 diametro
625 4702 708 4777 CB
732 4701 895 4799 aequalis,
915 4703 952 4776 8ι
977 4703 1133 4776 ducatur
1159 4702 1251 4774 BD
1278 4726 1362 4798 quae
1391 4701 1575 4798 sphaeram
1603 4716 1733 4798 tangat
1760 4700 1797 4772 in
1825 4699 1871 4770 B.

416 4816 460 4891 ln
479 4818 528 4890 K
536 4818 571 4892 C
581 4817 618 4890 8ι
635 4818 674 4890 Β
685 4818 728 4890 D
745 4818 987 4892 demittantur
1003 4816 1325 4915 perpendiculares
1343 4818 1439 4902 BE,
1454 4818 1490 4890 L
1502 4818 1553 4902 D,
1570 4816 1605 4889 &
1623 4818 1680 4888 vis
1699 4842 1772 4912 qua
1789 4840 1871 4910 par-
