<?xml version="1.0" encoding="UTF-8"?>
<!DOCTYPE html PUBLIC "-//W3C//DTD XHTML 1.0 Transitional//EN"
    "http://www.w3.org/TR/xhtml1/DTD/xhtml1-transitional.dtd">
<html xmlns="http://www.w3.org/1999/xhtml" xml:lang="en" lang="en">
 <head>
  <title>
</title>
<meta http-equiv="Content-Type" content="text/html;charset=utf-8" />
  <meta name='ocr-system' content='tesseract 3.04.00' />
  <meta name='ocr-capabilities' content='ocr_page ocr_carea ocr_par ocr_line ocrx_word'/>
</head>
<body>
  <div class='ocr_page' id='page_1' title='image "./sirisaacnewtons01newtgoog_0535.png"; bbox 0 0 1583 1669; ppageno 0'>
   <div class='ocr_carea' id='block_1_1' title="bbox 412 285 913 309">
    <p class='ocr_par' dir='ltr' id='par_1_1' title="bbox 412 285 913 309">
     <span class='ocr_line' id='line_1_1' title="bbox 412 285 913 309; baseline -0.004 -7"><span class='ocrx_word' id='word_1_1' title='bbox 412 291 450 309; x_wconf 86' lang='lat'>494</span> <span class='ocrx_word' id='word_1_2' title='bbox 639 285 673 300; x_wconf 76' lang='lat' dir='ltr'>DE</span> <span class='ocrx_word' id='word_1_3' title='bbox 684 285 768 300; x_wconf 81' lang='lat' dir='ltr'><em>MUNDI</em></span> <span class='ocrx_word' id='word_1_4' title='bbox 777 285 791 300; x_wconf 85' lang='lat' dir='ltr'><em>S</em></span> <span class='ocrx_word' id='word_1_5' title='bbox 793 285 881 300; x_wconf 77' lang='lat' dir='ltr'><em>YSTEMA</em></span> <span class='ocrx_word' id='word_1_6' title='bbox 884 286 913 300; x_wconf 80' lang='lat' dir='ltr'>TE</span> 
     </span>
    </p>
   </div>
   <div class='ocr_carea' id='block_1_2' title="bbox 409 334 1152 595">
    <p class='ocr_par' dir='ltr' id='par_1_2' title="bbox 411 334 1151 418">
     <span class='ocr_line' id='line_1_2' title="bbox 411 334 1150 359; baseline 0.001 -6"><span class='ocrx_word' id='word_1_7' title='bbox 411 334 468 359; x_wconf 81' lang='lat' dir='ltr'>plano</span> <span class='ocrx_word' id='word_1_8' title='bbox 484 334 574 358; x_wconf 77' lang='lat' dir='ltr'>ecliptieae</span> <span class='ocrx_word' id='word_1_9' title='bbox 592 334 671 352; x_wconf 58' lang='lat' dir='ltr'>dseribi</span> <span class='ocrx_word' id='word_1_10' title='bbox 689 334 750 353; x_wconf 84' lang='lat' dir='ltr'>debet.</span> <span class='ocrx_word' id='word_1_11' title='bbox 785 334 819 352; x_wconf 89' lang='lat' dir='ltr'>Sin</span> <span class='ocrx_word' id='word_1_12' title='bbox 837 338 927 358; x_wconf 84' lang='lat' dir='ltr'>punctum</span> <span class='ocrx_word' id='word_1_13' title='bbox 944 334 963 353; x_wconf 88' lang='lat' dir='ltr'><em>P</em></span> <span class='ocrx_word' id='word_1_14' title='bbox 980 341 1017 353; x_wconf 84' lang='lat' dir='ltr'>non</span> <span class='ocrx_word' id='word_1_15' title='bbox 1035 335 1110 354; x_wconf 79' lang='lat' dir='ltr'>ineidat</span> <span class='ocrx_word' id='word_1_16' title='bbox 1129 336 1150 354; x_wconf 94' lang='lat' dir='ltr'>in</span> 
     </span>
     <span class='ocr_line' id='line_1_3' title="bbox 411 363 1151 389; baseline 0.003 -7"><span class='ocrx_word' id='word_1_17' title='bbox 411 368 500 389; x_wconf 84' lang='lat' dir='ltr'>punctum</span> <span class='ocrx_word' id='word_1_18' title='bbox 513 364 539 382; x_wconf 92' lang='lat' dir='ltr'><em>N</em></span> <span class='ocrx_word' id='word_1_19' title='bbox 543 371 550 385; x_wconf 81' lang='grc'>,·</span> <span class='ocrx_word' id='word_1_20' title='bbox 569 364 587 382; x_wconf 92' lang='lat' dir='ltr'>in</span> <span class='ocrx_word' id='word_1_21' title='bbox 601 367 651 382; x_wconf 78' lang='lat' dir='ltr'>recta</span> <span class='ocrx_word' id='word_1_22' title='bbox 666 363 686 382; x_wconf 84' lang='lat' dir='ltr'><em>A</em></span> <span class='ocrx_word' id='word_1_23' title='bbox 696 363 714 382; x_wconf 87' lang='lat' dir='ltr'><em>C</em></span> <span class='ocrx_word' id='word_1_24' title='bbox 724 364 808 388; x_wconf 79' lang='lat' dir='ltr'>capiatur</span> <span class='ocrx_word' id='word_1_25' title='bbox 824 364 842 382; x_wconf 92' lang='lat' dir='ltr'><em>C</em></span> <span class='ocrx_word' id='word_1_26' title='bbox 847 363 866 382; x_wconf 85' lang='lat' dir='ltr'><em>G</em></span> <span class='ocrx_word' id='word_1_27' title='bbox 879 364 913 388; x_wconf 90' lang='lat' dir='ltr'>ipsi</span> <span class='ocrx_word' id='word_1_28' title='bbox 927 364 952 382; x_wconf 92' lang='lat' dir='ltr'><em>N</em></span> <span class='ocrx_word' id='word_1_29' title='bbox 956 365 975 383; x_wconf 87' lang='lat' dir='ltr'><em>P</em></span> <span class='ocrx_word' id='word_1_30' title='bbox 989 364 1072 389; x_wconf 77' lang='lat' dir='ltr'>aequalis,</span> <span class='ocrx_word' id='word_1_31' title='bbox 1084 365 1114 384; x_wconf 74' lang='lat' dir='ltr'>ita</span> <span class='ocrx_word' id='word_1_32' title='bbox 1128 370 1151 385; x_wconf 89' lang='lat' dir='ltr'>ut</span> 
     </span>
     <span class='ocr_line' id='line_1_4' title="bbox 411 393 959 418; baseline 0 -7"><span class='ocrx_word' id='word_1_33' title='bbox 411 397 479 418; x_wconf 77' lang='lat' dir='ltr'>puncta</span> <span class='ocrx_word' id='word_1_34' title='bbox 489 393 508 411; x_wconf 82' lang='lat' dir='ltr'><em>G</em></span> <span class='ocrx_word' id='word_1_35' title='bbox 517 393 535 411; x_wconf 83' lang='lat'>&amp;</span> <span class='ocrx_word' id='word_1_36' title='bbox 543 393 563 411; x_wconf 90' lang='lat' dir='ltr'><em>P</em></span> <span class='ocrx_word' id='word_1_37' title='bbox 571 393 595 411; x_wconf 86' lang='lat' dir='ltr'>ad</span> <span class='ocrx_word' id='word_1_38' title='bbox 604 393 680 411; x_wconf 79' lang='lat' dir='ltr'>easdem</span> <span class='ocrx_word' id='word_1_39' title='bbox 689 397 752 417; x_wconf 83' lang='lat' dir='ltr'>partes</span> <span class='ocrx_word' id='word_1_40' title='bbox 761 397 817 411; x_wconf 71' lang='lat' dir='ltr'>rectae</span> <span class='ocrx_word' id='word_1_41' title='bbox 826 393 851 411; x_wconf 92' lang='lat' dir='ltr'><em>N</em></span> <span class='ocrx_word' id='word_1_42' title='bbox 858 393 876 411; x_wconf 87' lang='lat' dir='ltr'><em>C</em></span> <span class='ocrx_word' id='word_1_43' title='bbox 879 393 959 418; x_wconf 48' lang='lat' dir='ltr'>jaceant&lt;</span> 
     </span>
    </p>

    <p class='ocr_par' dir='ltr' id='par_1_3' title="bbox 409 422 1152 595">
     <span class='ocr_line' id='line_1_5' title="bbox 445 422 1152 447; baseline 0.001 -6"><span class='ocrx_word' id='word_1_44' title='bbox 445 423 519 441; x_wconf 78' lang='lat' dir='ltr'>Eadem</span> <span class='ocrx_word' id='word_1_45' title='bbox 528 422 622 445; x_wconf 83' lang='lat' dir='ltr'>methodo,</span> <span class='ocrx_word' id='word_1_46' title='bbox 632 429 670 447; x_wconf 77' lang='lat' dir='ltr'>qua</span> <span class='ocrx_word' id='word_1_47' title='bbox 678 426 747 446; x_wconf 76' lang='lat' dir='ltr'>puncta</span> <span class='ocrx_word' id='word_1_48' title='bbox 759 422 783 444; x_wconf 82' lang='grc' dir='ltr'>Ε,</span> <span class='ocrx_word' id='word_1_49' title='bbox 792 422 820 445; x_wconf 82' lang='lat' dir='ltr'>A,</span> <span class='ocrx_word' id='word_1_50' title='bbox 832 423 851 444; x_wconf 87' lang='lat' dir='ltr'>C,</span> <span class='ocrx_word' id='word_1_51' title='bbox 862 422 885 444; x_wconf 85' lang='lat' dir='ltr'>G,</span> <span class='ocrx_word' id='word_1_52' title='bbox 894 429 918 441; x_wconf 79' lang='lat' dir='ltr'>ex</span> <span class='ocrx_word' id='word_1_53' title='bbox 931 426 1027 447; x_wconf 77' lang='lat' dir='ltr'>assumpto</span> <span class='ocrx_word' id='word_1_54' title='bbox 1040 427 1115 447; x_wconf 84' lang='lat' dir='ltr'>puncto</span> <span class='ocrx_word' id='word_1_55' title='bbox 1129 425 1152 442; x_wconf 85' lang='lat' dir='ltr'><em>B</em></span> 
     </span>
     <span class='ocr_line' id='line_1_6' title="bbox 411 452 1151 477; baseline 0 -7"><span class='ocrx_word' id='word_1_56' title='bbox 411 452 487 471; x_wconf 78' lang='lat' dir='ltr'>inventa</span> <span class='ocrx_word' id='word_1_57' title='bbox 495 456 543 474; x_wconf 79' lang='lat' dir='ltr'>sunt,</span> <span class='ocrx_word' id='word_1_58' title='bbox 554 452 672 470; x_wconf 84' lang='lat' dir='ltr'>inveniantur</span> <span class='ocrx_word' id='word_1_59' title='bbox 687 458 711 470; x_wconf 82' lang='lat' dir='ltr'>ex</span> <span class='ocrx_word' id='word_1_60' title='bbox 724 452 825 476; x_wconf 79' lang='lat' dir='ltr'>assumptis</span> <span class='ocrx_word' id='word_1_61' title='bbox 839 456 932 477; x_wconf 82' lang='lat' dir='ltr'>utcunque</span> <span class='ocrx_word' id='word_1_62' title='bbox 945 452 1019 477; x_wconf 84' lang='lat' dir='ltr'>punctis</span> <span class='ocrx_word' id='word_1_63' title='bbox 1032 452 1074 471; x_wconf 82' lang='lat' dir='ltr'>aliis</span> <span class='ocrx_word' id='word_1_64' title='bbox 1083 453 1095 471; x_wconf 81' lang='lat' dir='ltr'><em>b</em></span> <span class='ocrx_word' id='word_1_65' title='bbox 1105 453 1125 471; x_wconf 71' lang='grc' dir='ltr'>ἃ</span> <span class='ocrx_word' id='word_1_66' title='bbox 1134 454 1151 476; x_wconf 90' lang='grc' dir='ltr'>β</span> 
     </span>
     <span class='ocr_line' id='line_1_7' title="bbox 410 481 1150 506; baseline 0.001 -6"><span class='ocrx_word' id='word_1_67' title='bbox 410 486 479 506; x_wconf 74' lang='lat' dir='ltr'>puncta</span> <span class='ocrx_word' id='word_1_68' title='bbox 494 488 544 500; x_wconf 80' lang='lat' dir='ltr'>nova</span> <span class='ocrx_word' id='word_1_69' title='bbox 558 488 571 503; x_wconf 79' lang='lat' dir='ltr'>e,</span> <span class='ocrx_word' id='word_1_70' title='bbox 580 488 597 503; x_wconf 82' lang='lat' dir='ltr'>a,</span> <span class='ocrx_word' id='word_1_71' title='bbox 606 488 619 503; x_wconf 84' lang='lat' dir='ltr'>c,</span> <span class='ocrx_word' id='word_1_72' title='bbox 625 488 645 506; x_wconf 67' lang='lat' dir='ltr'>g,</span> <span class='ocrx_word' id='word_1_73' title='bbox 659 481 678 499; x_wconf 84' lang='lat'>&amp;</span> <span class='ocrx_word' id='word_1_74' title='bbox 692 489 704 503; x_wconf 77' lang='grc' dir='ltr'>ε,</span> <span class='ocrx_word' id='word_1_75' title='bbox 713 489 729 503; x_wconf 77' lang='grc' dir='ltr'>α,</span> <span class='ocrx_word' id='word_1_76' title='bbox 738 489 752 503; x_wconf 71' lang='grc' dir='ltr'>κ,</span> <span class='ocrx_word' id='word_1_77' title='bbox 761 489 778 505; x_wconf 77' lang='grc' dir='ltr'>γ.</span> <span class='ocrx_word' id='word_1_78' title='bbox 812 481 887 500; x_wconf 85' lang='lat' dir='ltr'>Deinde</span> <span class='ocrx_word' id='word_1_79' title='bbox 902 482 917 500; x_wconf 84' lang='lat' dir='ltr'>si</span> <span class='ocrx_word' id='word_1_80' title='bbox 932 488 966 506; x_wconf 87' lang='lat' dir='ltr'>per</span> <span class='ocrx_word' id='word_1_81' title='bbox 982 482 1004 503; x_wconf 85' lang='lat' dir='ltr'>G,</span> <span class='ocrx_word' id='word_1_82' title='bbox 1010 488 1031 506; x_wconf 77' lang='lat' dir='ltr'>g,</span> <span class='ocrx_word' id='word_1_83' title='bbox 1040 489 1054 505; x_wconf 62' lang='grc' dir='ltr'>ιγ</span> <span class='ocrx_word' id='word_1_84' title='bbox 1063 482 1150 502; x_wconf 82' lang='lat' dir='ltr'>ducatur</span> 
     </span>
     <span class='ocr_line' id='line_1_8' title="bbox 410 511 1151 535; baseline 0.001 -5"><span class='ocrx_word' id='word_1_85' title='bbox 410 511 557 530; x_wconf 82' lang='lat' dir='ltr'>circumferentia</span> <span class='ocrx_word' id='word_1_86' title='bbox 570 511 631 529; x_wconf 84' lang='lat' dir='ltr'>circuli</span> <span class='ocrx_word' id='word_1_87' title='bbox 647 511 665 529; x_wconf 87' lang='lat' dir='ltr'><em>G</em></span> <span class='ocrx_word' id='word_1_88' title='bbox 668 517 706 535; x_wconf 64' lang='lat' dir='ltr'>gy,</span> <span class='ocrx_word' id='word_1_89' title='bbox 720 517 785 529; x_wconf 82' lang='lat' dir='ltr'>secans</span> <span class='ocrx_word' id='word_1_90' title='bbox 799 515 867 529; x_wconf 72' lang='lat' dir='ltr'>rectam</span> <span class='ocrx_word' id='word_1_91' title='bbox 882 511 919 529; x_wconf 66' lang='grc' dir='ltr'>τε</span> <span class='ocrx_word' id='word_1_92' title='bbox 931 511 949 529; x_wconf 95' lang='lat' dir='ltr'>in</span> <span class='ocrx_word' id='word_1_93' title='bbox 964 511 993 530; x_wconf 93' lang='lat' dir='ltr'>Z:</span> <span class='ocrx_word' id='word_1_94' title='bbox 1012 511 1048 530; x_wconf 84' lang='lat' dir='ltr'>erit</span> <span class='ocrx_word' id='word_1_95' title='bbox 1060 512 1081 530; x_wconf 93' lang='lat' dir='ltr'><em>Z</em></span> <span class='ocrx_word' id='word_1_96' title='bbox 1093 512 1151 531; x_wconf 82' lang='lat' dir='ltr'>locus</span> 
     </span>
     <span class='ocr_line' id='line_1_9' title="bbox 410 540 1149 565; baseline 0 -6"><span class='ocrx_word' id='word_1_97' title='bbox 410 544 488 559; x_wconf 75' lang='lat' dir='ltr'>cornetae</span> <span class='ocrx_word' id='word_1_98' title='bbox 498 541 515 559; x_wconf 93' lang='lat' dir='ltr'>in</span> <span class='ocrx_word' id='word_1_99' title='bbox 529 540 586 564; x_wconf 77' lang='lat' dir='ltr'>plano</span> <span class='ocrx_word' id='word_1_100' title='bbox 598 540 693 564; x_wconf 78' lang='lat' dir='ltr'>eclipticae.</span> <span class='ocrx_word' id='word_1_101' title='bbox 721 540 748 558; x_wconf 91' lang='lat' dir='ltr'>Et</span> <span class='ocrx_word' id='word_1_102' title='bbox 764 540 779 558; x_wconf 89' lang='lat' dir='ltr'>si</span> <span class='ocrx_word' id='word_1_103' title='bbox 796 540 814 558; x_wconf 93' lang='lat' dir='ltr'>in</span> <span class='ocrx_word' id='word_1_104' title='bbox 829 540 850 558; x_wconf 92' lang='lat' dir='ltr'><em>A</em></span> <span class='ocrx_word' id='word_1_105' title='bbox 860 540 879 561; x_wconf 83' lang='lat' dir='ltr'>C,</span> <span class='ocrx_word' id='word_1_106' title='bbox 892 546 925 563; x_wconf 85' lang='lat' dir='ltr'>ac,</span> <span class='ocrx_word' id='word_1_107' title='bbox 939 548 965 557; x_wconf 69' lang='grc' dir='ltr'>αι</span> <span class='ocrx_word' id='word_1_108' title='bbox 980 540 1078 565; x_wconf 80' lang='lat' dir='ltr'>capiantur</span> <span class='ocrx_word' id='word_1_109' title='bbox 1091 542 1114 560; x_wconf 83' lang='lat' dir='ltr'><em>A</em></span> <span class='ocrx_word' id='word_1_110' title='bbox 1124 542 1149 564; x_wconf 80' lang='lat' dir='ltr'>F,</span> 
     </span>
     <span class='ocr_line' id='line_1_10' title="bbox 409 569 1149 595; baseline 0 -7"><span class='ocrx_word' id='word_1_111' title='bbox 409 570 443 594; x_wconf 82' lang='lat' dir='ltr'>af,</span> <span class='ocrx_word' id='word_1_112' title='bbox 457 571 490 594; x_wconf 86' lang='grc' dir='ltr'>αφ</span> <span class='ocrx_word' id='word_1_113' title='bbox 504 569 549 594; x_wconf 79' lang='lat' dir='ltr'>ipsis</span> <span class='ocrx_word' id='word_1_114' title='bbox 566 569 583 588; x_wconf 97' lang='lat' dir='ltr'><em>C</em></span> <span class='ocrx_word' id='word_1_115' title='bbox 589 570 611 591; x_wconf 82' lang='lat' dir='ltr'>G,</span> <span class='ocrx_word' id='word_1_116' title='bbox 626 576 635 588; x_wconf 89' lang='lat' dir='ltr'><em>c</em></span> <span class='ocrx_word' id='word_1_117' title='bbox 637 576 657 594; x_wconf 64' lang='lat' dir='ltr'>g.</span> <span class='ocrx_word' id='word_1_118' title='bbox 672 577 701 593; x_wconf 72' lang='grc' dir='ltr'>κγ</span> <span class='ocrx_word' id='word_1_119' title='bbox 716 569 819 594; x_wconf 57' lang='lat' dir='ltr'>respective</span> <span class='ocrx_word' id='word_1_120' title='bbox 829 569 915 594; x_wconf 65' lang='lat' dir='ltr'>aequales,</span> <span class='ocrx_word' id='word_1_121' title='bbox 925 569 943 588; x_wconf 73' lang='grc' dir='ltr'>δι</span> <span class='ocrx_word' id='word_1_122' title='bbox 959 576 992 594; x_wconf 76' lang='lat' dir='ltr'>per</span> <span class='ocrx_word' id='word_1_123' title='bbox 1004 574 1075 594; x_wconf 78' lang='lat' dir='ltr'>puncta</span> <span class='ocrx_word' id='word_1_124' title='bbox 1092 571 1117 592; x_wconf 86' lang='lat' dir='ltr'>F,</span> <span class='ocrx_word' id='word_1_125' title='bbox 1126 571 1149 595; x_wconf 63' lang='lat' dir='ltr'>j}</span> 
     </span>
    </p>
   </div>
   <div class='ocr_carea' id='block_1_3' title="bbox 448 622 921 1052">
    <p class='ocr_par' dir='ltr' id='par_1_4' title="bbox 448 622 921 1052">
     <span class='ocr_line' id='line_1_11' title="bbox 448 622 921 1052; baseline 0 617"><span class='ocrx_word' id='word_1_126' title='bbox 448 622 921 1052; x_wconf 95' lang='lat' dir='ltr'> </span> 
     </span>
    </p>
   </div>
   <div class='ocr_carea' id='block_1_4' title="bbox 409 1077 1151 1399">
    <p class='ocr_par' dir='ltr' id='par_1_5' title="bbox 410 1077 1150 1253">
     <span class='ocr_line' id='line_1_12' title="bbox 411 1077 1148 1106; baseline -0.008 -5"><span class='ocrx_word' id='word_1_127' title='bbox 411 1084 426 1106; x_wconf 87' lang='grc' dir='ltr'>φ</span> <span class='ocrx_word' id='word_1_128' title='bbox 439 1082 517 1101; x_wconf 83' lang='lat' dir='ltr'>dueatur</span> <span class='ocrx_word' id='word_1_129' title='bbox 531 1080 678 1100; x_wconf 77' lang='lat' dir='ltr'>circumferentia</span> <span class='ocrx_word' id='word_1_130' title='bbox 691 1079 752 1098; x_wconf 85' lang='lat' dir='ltr'>circuli</span> <span class='ocrx_word' id='word_1_131' title='bbox 769 1079 790 1097; x_wconf 86' lang='lat' dir='ltr'><em>F</em></span> <span class='ocrx_word' id='word_1_132' title='bbox 789 1078 809 1103; x_wconf 87' lang='lat' dir='ltr'><em>f</em></span> <span class='ocrx_word' id='word_1_133' title='bbox 811 1080 831 1103; x_wconf 84' lang='grc' dir='ltr'>φ,</span> <span class='ocrx_word' id='word_1_134' title='bbox 845 1084 910 1097; x_wconf 79' lang='lat' dir='ltr'>secans</span> <span class='ocrx_word' id='word_1_135' title='bbox 926 1081 993 1096; x_wconf 84' lang='lat' dir='ltr'>rectam</span> <span class='ocrx_word' id='word_1_136' title='bbox 1009 1077 1031 1095; x_wconf 88' lang='lat' dir='ltr'><em>A</em></span> <span class='ocrx_word' id='word_1_137' title='bbox 1043 1077 1064 1095; x_wconf 88' lang='lat' dir='ltr'><em>T</em></span> <span class='ocrx_word' id='word_1_138' title='bbox 1076 1078 1095 1096; x_wconf 85' lang='lat' dir='ltr'>in</span> <span class='ocrx_word' id='word_1_139' title='bbox 1111 1078 1148 1099; x_wconf 71' lang='lat' dir='ltr'>X;</span> 
     </span>
     <span class='ocr_line' id='line_1_13' title="bbox 410 1106 1148 1135; baseline -0.007 -5"><span class='ocrx_word' id='word_1_140' title='bbox 410 1111 445 1130; x_wconf 82' lang='lat' dir='ltr'>erit</span> <span class='ocrx_word' id='word_1_141' title='bbox 457 1115 546 1135; x_wconf 83' lang='lat' dir='ltr'>punctum</span> <span class='ocrx_word' id='word_1_142' title='bbox 554 1110 578 1129; x_wconf 89' lang='lat' dir='ltr'><em>X</em></span> <span class='ocrx_word' id='word_1_143' title='bbox 585 1110 632 1129; x_wconf 79' lang='lat' dir='ltr'>alius</span> <span class='ocrx_word' id='word_1_144' title='bbox 645 1113 723 1128; x_wconf 73' lang='lat' dir='ltr'>cornetae</span> <span class='ocrx_word' id='word_1_145' title='bbox 736 1108 787 1127; x_wconf 82' lang='lat' dir='ltr'>locus</span> <span class='ocrx_word' id='word_1_146' title='bbox 801 1108 818 1126; x_wconf 93' lang='lat' dir='ltr'>in</span> <span class='ocrx_word' id='word_1_147' title='bbox 832 1107 889 1132; x_wconf 79' lang='lat' dir='ltr'>plano</span> <span class='ocrx_word' id='word_1_148' title='bbox 902 1107 996 1131; x_wconf 82' lang='lat' dir='ltr'>eclipticae.</span> <span class='ocrx_word' id='word_1_149' title='bbox 1025 1106 1059 1125; x_wconf 87' lang='lat' dir='ltr'>Ad</span> <span class='ocrx_word' id='word_1_150' title='bbox 1075 1111 1148 1131; x_wconf 79' lang='lat' dir='ltr'>puncta</span> 
     </span>
     <span class='ocr_line' id='line_1_14' title="bbox 410 1135 1148 1165; baseline -0.008 -5"><span class='ocrx_word' id='word_1_151' title='bbox 410 1141 433 1159; x_wconf 95' lang='lat' dir='ltr'><em>X</em></span> <span class='ocrx_word' id='word_1_152' title='bbox 446 1141 464 1159; x_wconf 85' lang='lat'>&amp;</span> <span class='ocrx_word' id='word_1_153' title='bbox 476 1141 495 1159; x_wconf 95' lang='lat' dir='ltr'><em>Z</em></span> <span class='ocrx_word' id='word_1_154' title='bbox 503 1141 598 1165; x_wconf 80' lang='lat' dir='ltr'>erigantur</span> <span class='ocrx_word' id='word_1_155' title='bbox 610 1143 709 1164; x_wconf 67' lang='lat' dir='ltr'>mngcntes</span> <span class='ocrx_word' id='word_1_156' title='bbox 723 1138 841 1157; x_wconf 84' lang='lat' dir='ltr'>latitudinum</span> <span class='ocrx_word' id='word_1_157' title='bbox 855 1140 934 1155; x_wconf 79' lang='lat' dir='ltr'>cornetae</span> <span class='ocrx_word' id='word_1_158' title='bbox 948 1136 971 1154; x_wconf 77' lang='lat' dir='ltr'>ad</span> <span class='ocrx_word' id='word_1_159' title='bbox 985 1135 1049 1155; x_wconf 75' lang='lat' dir='ltr'>radios</span> <span class='ocrx_word' id='word_1_160' title='bbox 1068 1136 1088 1154; x_wconf 85' lang='lat' dir='ltr'><em>T</em></span> <span class='ocrx_word' id='word_1_161' title='bbox 1092 1137 1115 1155; x_wconf 83' lang='lat' dir='ltr'><em>X</em></span> <span class='ocrx_word' id='word_1_162' title='bbox 1129 1137 1148 1155; x_wconf 72' lang='lat'>8:</span> 
     </span>
     <span class='ocr_line' id='line_1_15' title="bbox 410 1165 1148 1191; baseline -0.003 -4"><span class='ocrx_word' id='word_1_163' title='bbox 410 1171 459 1191; x_wconf 77' lang='lat' dir='ltr'><em>-1-Z:</em></span> <span class='ocrx_word' id='word_1_164' title='bbox 479 1170 497 1188; x_wconf 82' lang='grc' dir='ltr'>8ι</span> <span class='ocrx_word' id='word_1_165' title='bbox 513 1170 631 1188; x_wconf 85' lang='lat' dir='ltr'>habebuntur</span> <span class='ocrx_word' id='word_1_166' title='bbox 645 1168 686 1187; x_wconf 80' lang='lat' dir='ltr'>loca</span> <span class='ocrx_word' id='word_1_167' title='bbox 700 1168 738 1186; x_wconf 90' lang='lat' dir='ltr'>duo</span> <span class='ocrx_word' id='word_1_168' title='bbox 751 1171 829 1186; x_wconf 67' lang='lat' dir='ltr'>cometae</span> <span class='ocrx_word' id='word_1_169' title='bbox 844 1167 862 1185; x_wconf 89' lang='lat' dir='ltr'>in</span> <span class='ocrx_word' id='word_1_170' title='bbox 877 1166 923 1184; x_wconf 88' lang='lat' dir='ltr'>orbe</span> <span class='ocrx_word' id='word_1_171' title='bbox 937 1165 1016 1190; x_wconf 69' lang='lat' dir='ltr'>proprio,</span> <span class='ocrx_word' id='word_1_172' title='bbox 1055 1165 1148 1190; x_wconf 85' lang='lat' dir='ltr'>Denique</span> 
     </span>
     <span class='ocr_line' id='line_1_16' title="bbox 412 1194 1150 1224; baseline -0.005 -6"><span class='ocrx_word' id='word_1_173' title='bbox 412 1200 453 1224; x_wconf 86' lang='lat' dir='ltr'>(per</span> <span class='ocrx_word' id='word_1_174' title='bbox 471 1206 523 1224; x_wconf 88' lang='lat' dir='ltr'>prop.</span> <span class='ocrx_word' id='word_1_175' title='bbox 542 1205 577 1217; x_wconf 72' lang='lat' dir='ltr'>xnx</span> <span class='ocrx_word' id='word_1_176' title='bbox 594 1199 624 1218; x_wconf 87' lang='lat' dir='ltr'>lib.</span> <span class='ocrx_word' id='word_1_177' title='bbox 645 1199 662 1223; x_wconf 89' lang='lat'>1)</span> <span class='ocrx_word' id='word_1_178' title='bbox 679 1197 766 1216; x_wconf 86' lang='lat' dir='ltr'>umbilico</span> <span class='ocrx_word' id='word_1_179' title='bbox 784 1197 801 1215; x_wconf 87' lang='lat' dir='ltr'><em>S</em></span> <span class='ocrx_word' id='word_1_180' title='bbox 817 1203 850 1221; x_wconf 87' lang='lat' dir='ltr'>per</span> <span class='ocrx_word' id='word_1_181' title='bbox 865 1196 906 1214; x_wconf 84' lang='lat' dir='ltr'>loca</span> <span class='ocrx_word' id='word_1_182' title='bbox 924 1195 954 1214; x_wconf 83' lang='lat' dir='ltr'>illa</span> <span class='ocrx_word' id='word_1_183' title='bbox 971 1194 1009 1212; x_wconf 90' lang='lat' dir='ltr'>duo</span> <span class='ocrx_word' id='word_1_184' title='bbox 1027 1194 1150 1214; x_wconf 77' lang='lat' dir='ltr'>describatur</span> 
     </span>
     <span class='ocr_line' id='line_1_17' title="bbox 410 1225 929 1253; baseline -0.01 -5"><span class='ocrx_word' id='word_1_185' title='bbox 410 1228 503 1253; x_wconf 79' lang='lat' dir='ltr'>parabola.</span> <span class='ocrx_word' id='word_1_186' title='bbox 513 1229 531 1247; x_wconf 77' lang='grc' dir='ltr'>δι</span> <span class='ocrx_word' id='word_1_187' title='bbox 541 1229 581 1247; x_wconf 83' lang='lat' dir='ltr'>haec</span> <span class='ocrx_word' id='word_1_188' title='bbox 589 1228 624 1247; x_wconf 84' lang='lat' dir='ltr'>erit</span> <span class='ocrx_word' id='word_1_189' title='bbox 633 1227 737 1252; x_wconf 81' lang='lat' dir='ltr'>trajectoria</span> <span class='ocrx_word' id='word_1_190' title='bbox 746 1230 829 1245; x_wconf 76' lang='lat' dir='ltr'>eometae.</span> <span class='ocrx_word' id='word_1_191' title='bbox 857 1226 879 1248; x_wconf 83' lang='lat' dir='ltr'>Q.</span> <span class='ocrx_word' id='word_1_192' title='bbox 883 1225 929 1244; x_wconf 70' lang='grc' dir='ltr'>ΕΙ.</span> 
     </span>
    </p>

    <p class='ocr_par' dir='ltr' id='par_1_6' title="bbox 409 1253 1151 1399">
     <span class='ocr_line' id='line_1_18' title="bbox 445 1253 1150 1281; baseline -0.006 -4"><span class='ocrx_word' id='word_1_193' title='bbox 445 1258 593 1277; x_wconf 81' lang='lat' dir='ltr'>Constructionis</span> <span class='ocrx_word' id='word_1_194' title='bbox 612 1257 666 1281; x_wconf 85' lang='lat' dir='ltr'>hujus</span> <span class='ocrx_word' id='word_1_195' title='bbox 684 1255 818 1275; x_wconf 79' lang='lat' dir='ltr'>demonstratio</span> <span class='ocrx_word' id='word_1_196' title='bbox 835 1261 859 1273; x_wconf 82' lang='lat' dir='ltr'>ex</span> <span class='ocrx_word' id='word_1_197' title='bbox 874 1253 991 1273; x_wconf 78' lang='lat' dir='ltr'>lemmatibus</span> <span class='ocrx_word' id='word_1_198' title='bbox 1008 1254 1150 1278; x_wconf 86' lang='lat' dir='ltr'>consequitur:</span> 
     </span>
     <span class='ocr_line' id='line_1_19' title="bbox 411 1283 1151 1312; baseline -0.004 -6"><span class='ocrx_word' id='word_1_199' title='bbox 411 1287 481 1312; x_wconf 86' lang='lat' dir='ltr'>quippe</span> <span class='ocrx_word' id='word_1_200' title='bbox 494 1293 537 1305; x_wconf 88' lang='lat' dir='ltr'>cum</span> <span class='ocrx_word' id='word_1_201' title='bbox 546 1291 596 1305; x_wconf 78' lang='lat' dir='ltr'>recta</span> <span class='ocrx_word' id='word_1_202' title='bbox 609 1287 629 1304; x_wconf 85' lang='grc' dir='ltr'><em>Α</em></span> <span class='ocrx_word' id='word_1_203' title='bbox 639 1286 657 1304; x_wconf 88' lang='lat' dir='ltr'><em>C</em></span> <span class='ocrx_word' id='word_1_204' title='bbox 668 1289 741 1304; x_wconf 80' lang='lat' dir='ltr'>secetur</span> <span class='ocrx_word' id='word_1_205' title='bbox 748 1285 765 1303; x_wconf 89' lang='lat' dir='ltr'>in</span> <span class='ocrx_word' id='word_1_206' title='bbox 775 1284 796 1302; x_wconf 89' lang='lat' dir='ltr'><em>E</em></span> <span class='ocrx_word' id='word_1_207' title='bbox 807 1284 825 1302; x_wconf 94' lang='lat' dir='ltr'>in</span> <span class='ocrx_word' id='word_1_208' title='bbox 835 1284 906 1302; x_wconf 85' lang='lat' dir='ltr'>ratione</span> <span class='ocrx_word' id='word_1_209' title='bbox 918 1287 1023 1307; x_wconf 82' lang='lat' dir='ltr'>temporum</span> <span class='ocrx_word' id='word_1_210' title='bbox 1032 1289 1068 1306; x_wconf 81' lang='lat' dir='ltr'>per</span> <span class='ocrx_word' id='word_1_211' title='bbox 1077 1283 1151 1303; x_wconf 73' lang='lat' dir='ltr'>lemma</span> 
     </span>
     <span class='ocr_line' id='line_1_20' title="bbox 411 1311 1151 1341; baseline -0.008 -6"><span class='ocrx_word' id='word_1_212' title='bbox 411 1322 441 1338; x_wconf 82' lang='lat' dir='ltr'>vu,</span> <span class='ocrx_word' id='word_1_213' title='bbox 455 1320 476 1335; x_wconf 89' lang='lat' dir='ltr'>ut</span> <span class='ocrx_word' id='word_1_214' title='bbox 490 1320 564 1341; x_wconf 82' lang='lat' dir='ltr'>oportet</span> <span class='ocrx_word' id='word_1_215' title='bbox 579 1322 613 1340; x_wconf 80' lang='lat' dir='ltr'>per</span> <span class='ocrx_word' id='word_1_216' title='bbox 627 1315 669 1334; x_wconf 87' lang='lat' dir='ltr'>lem.</span> <span class='ocrx_word' id='word_1_217' title='bbox 686 1320 733 1333; x_wconf 84' lang='lat' dir='ltr'>vm:</span> <span class='ocrx_word' id='word_1_218' title='bbox 753 1314 772 1332; x_wconf 83' lang='lat'>&amp;</span> <span class='ocrx_word' id='word_1_219' title='bbox 786 1313 833 1331; x_wconf 84' lang='lat' dir='ltr'>BE</span> <span class='ocrx_word' id='word_1_220' title='bbox 846 1319 880 1337; x_wconf 90' lang='lat' dir='ltr'>per</span> <span class='ocrx_word' id='word_1_221' title='bbox 894 1312 936 1331; x_wconf 83' lang='lat' dir='ltr'>lem.</span> <span class='ocrx_word' id='word_1_222' title='bbox 953 1317 973 1330; x_wconf 67' lang='lat'>&gt;11</span> <span class='ocrx_word' id='word_1_223' title='bbox 988 1311 1013 1329; x_wconf 83' lang='lat' dir='ltr'>sit</span> <span class='ocrx_word' id='word_1_224' title='bbox 1029 1318 1074 1336; x_wconf 83' lang='lat' dir='ltr'>pars</span> <span class='ocrx_word' id='word_1_225' title='bbox 1092 1318 1151 1332; x_wconf 58' lang='lat' dir='ltr'>reem„-</span> 
     </span>
     <span class='ocr_line' id='line_1_21' title="bbox 411 1341 1150 1370; baseline -0.009 -6"><span class='ocrx_word' id='word_1_226' title='bbox 411 1345 430 1363; x_wconf 87' lang='lat' dir='ltr'><em>B</em></span> <span class='ocrx_word' id='word_1_227' title='bbox 436 1346 453 1363; x_wconf 86' lang='lat' dir='ltr'><em>S</em></span> <span class='ocrx_word' id='word_1_228' title='bbox 464 1346 494 1364; x_wconf 85' lang='lat' dir='ltr'>vel</span> <span class='ocrx_word' id='word_1_229' title='bbox 508 1346 527 1364; x_wconf 88' lang='lat' dir='ltr'><em>B</em></span> <span class='ocrx_word' id='word_1_230' title='bbox 533 1345 545 1370; x_wconf 82' lang='grc' dir='ltr'>ξ</span> <span class='ocrx_word' id='word_1_231' title='bbox 557 1346 575 1364; x_wconf 83' lang='grc' dir='ltr'>ἰη</span> <span class='ocrx_word' id='word_1_232' title='bbox 585 1345 641 1369; x_wconf 85' lang='lat' dir='ltr'>plano</span> <span class='ocrx_word' id='word_1_233' title='bbox 649 1343 739 1368; x_wconf 79' lang='lat' dir='ltr'>ecliptieae</span> <span class='ocrx_word' id='word_1_234' title='bbox 752 1343 802 1361; x_wconf 82' lang='lat' dir='ltr'>arcui</span> <span class='ocrx_word' id='word_1_235' title='bbox 815 1342 835 1360; x_wconf 87' lang='lat' dir='ltr'><em>A</em></span> <span class='ocrx_word' id='word_1_236' title='bbox 844 1342 863 1360; x_wconf 84' lang='lat' dir='ltr'><em>B</em></span> <span class='ocrx_word' id='word_1_237' title='bbox 870 1342 888 1360; x_wconf 88' lang='lat' dir='ltr'><em>C</em></span> <span class='ocrx_word' id='word_1_238' title='bbox 895 1342 913 1360; x_wconf 71' lang='grc' dir='ltr'>ἃ</span> <span class='ocrx_word' id='word_1_239' title='bbox 922 1341 996 1360; x_wconf 79' lang='lat' dir='ltr'>chordae</span> <span class='ocrx_word' id='word_1_240' title='bbox 1004 1341 1025 1359; x_wconf 76' lang='lat' dir='ltr'><em>A</em></span> <span class='ocrx_word' id='word_1_241' title='bbox 1035 1341 1057 1359; x_wconf 88' lang='lat' dir='ltr'><em>E</em></span> <span class='ocrx_word' id='word_1_242' title='bbox 1065 1341 1084 1360; x_wconf 92' lang='lat' dir='ltr'><em>C</em></span> <span class='ocrx_word' id='word_1_243' title='bbox 1092 1342 1150 1361; x_wconf 81' lang='lat' dir='ltr'>inter.</span> 
     </span>
     <span class='ocr_line' id='line_1_22' title="bbox 409 1370 1151 1399; baseline -0.008 -6"><span class='ocrx_word' id='word_1_244' title='bbox 409 1374 469 1399; x_wconf 71' lang='lat' dir='ltr'>jecm;</span> <span class='ocrx_word' id='word_1_245' title='bbox 488 1374 505 1393; x_wconf 69' lang='lat'>81</span> <span class='ocrx_word' id='word_1_246' title='bbox 514 1375 564 1393; x_wconf 83' lang='lat' dir='ltr'>MP</span> <span class='ocrx_word' id='word_1_247' title='bbox 573 1374 614 1398; x_wconf 78' lang='lat' dir='ltr'>(per</span> <span class='ocrx_word' id='word_1_248' title='bbox 627 1373 682 1392; x_wconf 72' lang='lat' dir='ltr'>eorol.</span> <span class='ocrx_word' id='word_1_249' title='bbox 697 1372 739 1391; x_wconf 81' lang='lat' dir='ltr'>lem.</span> <span class='ocrx_word' id='word_1_250' title='bbox 749 1372 769 1396; x_wconf 85' lang='lat' dir='ltr'>x)</span> <span class='ocrx_word' id='word_1_251' title='bbox 779 1371 877 1396; x_wconf 83' lang='lat' dir='ltr'>longitudo</span> <span class='ocrx_word' id='word_1_252' title='bbox 890 1371 915 1389; x_wconf 85' lang='lat' dir='ltr'>sit</span> <span class='ocrx_word' id='word_1_253' title='bbox 930 1370 1004 1389; x_wconf 79' lang='lat' dir='ltr'>chordae</span> <span class='ocrx_word' id='word_1_254' title='bbox 1017 1376 1079 1392; x_wconf 83' lang='lat' dir='ltr'>arcus,</span> <span class='ocrx_word' id='word_1_255' title='bbox 1090 1378 1151 1396; x_wconf 69' lang='lat' dir='ltr'>quem</span> 
     </span>
    </p>
   </div>
  </div>
 </body>
</html>
