4110 5782
651 415 653 418 ’
728 420 870 477 LIBER
892 419 1144 480 SECUNDUS.
1601 441 1667 512 37¹

213 617 261 688 K
277 615 356 713 jam
384 615 521 687 incidat
548 615 584 686 in
610 614 661 711 P)
682 629 722 686 ut
740 616 844 687 HK
857 615 905 687 ad
933 615 993 689 V:
1022 616 1057 688 82
1076 616 1132 688 vis
1160 615 1220 688 illa
1242 632 1330 706 tota,
1351 617 1420 689 hoc
1439 632 1495 689 est
1522 619 1669 712 pondus

210 733 427 805 incumbens
463 758 538 828 quo
565 730 698 805 lineola
724 732 765 803 E
777 733 812 805 G
837 733 1099 828 comprimitur,
1123 749 1180 806 est
1205 733 1253 805 ad
1281 733 1429 828 pondus
1455 732 1601 806 lineolae
1627 752 1669 809 ut

207 850 382 945 ponderis
418 851 662 923 incumbentis
696 847 853 922 altitudo
889 848 926 921 A
962 850 1010 922 ad
1053 847 1198 924 lineolae
1240 846 1511 946 longitudinem
1554 851 1596 921 E
1609 851 1669 937 G,-

208 968 367 1065 ideoque
390 995 437 1042 ex
455 995 574 1066 aequo,
594 970 650 1041 vis
677 995 751 1065 qua
777 966 911 1041 lineola
937 969 978 1041 E
990 970 1026 1042 G
1053 970 1088 1041 in
1115 969 1203 1042 locis
1230 968 1306 1040 suis
1332 969 1370 1040 P
1396 968 1432 1040 81
1459 969 1493 1040 S
1516 985 1670 1066 urgetur

206 1100 263 1156 est
281 1084 329 1156 ad
347 1083 492 1158 lineolae
512 1085 607 1158 illius
626 1085 772 1182 pondus
790 1101 830 1158 ut
849 1087 953 1159 HK
962 1111 986 1158 κ
1001 1087 1038 1158 Α
1057 1087 1105 1158 ad
1125 1087 1159 1157 V
1176 1110 1200 1158 ><
1213 1087 1254 1157 E
1266 1087 1310 1172 G,
1330 1086 1410 1159 sive
1429 1102 1470 1158 ut
1486 1087 1524 1157 P
1540 1087 1610 1159 Ox
1624 1085 1662 1158 A

206 1201 253 1272 ad
274 1201 359 1284 VV,
379 1227 464 1273 nam
484 1203 587 1274 HK
601 1218 680 1275 erat
703 1202 751 1275 ad
779 1204 820 1275 E
832 1204 868 1276 G
893 1219 934 1275 ut
951 1204 1035 1276 ΡΟ
1053 1204 1101 1275 ad
1120 1203 1167 1276 V.
1223 1202 1350 1295 Quare
1368 1229 1452 1275 cum
1483 1218 1662 1298 tempora,

207 1318 341 1412 quibus
358 1319 515 1414 aequalia
534 1344 687 1414 corpora
712 1345 779 1414 per
796 1318 953 1415 aequalia
974 1320 1094 1415 spatia
1120 1317 1365 1415 impelluntur,
1385 1319 1459 1390 sint
1477 1319 1664 1414 reciproce

206 1435 241 1505 in
261 1435 518 1530 subduplicata
544 1437 685 1509 ratione
704 1435 845 1520 virium,
865 1436 935 1508 crit
961 1452 1107 1532 tempus
1125 1436 1342 1510 vibrationis
1367 1437 1484 1521 unius
1504 1453 1661 1534 urgente

206 1551 242 1623 vi
288 1551 348 1623 illa
391 1552 549 1637 clastica‚
585 1553 634 1624 ad
678 1567 824 1647 tempus
867 1552 1093 1637 vibrationis,
1131 1570 1286 1650 urgente
1321 1553 1358 1625 vi
1402 1554 1589 1650 ponderis
1627 1555 1664 1627 in

205 1668 462 1763 subduplicata
505 1671 646 1743 ratione
691 1669 764 1739 VV
809 1669 857 1740 ad
901 1669 1085 1754 POxA,
1131 1685 1243 1765 atque
1287 1671 1371 1744 ideo
1414 1671 1462 1743 ad
1515 1688 1664 1767 tempus

204 1784 440 1858 oscillationis
467 1787 617 1882 penduli
644 1787 747 1883 cujus
774 1785 968 1883 longitudo
998 1801 1055 1858 est
1086 1786 1123 1857 A
1157 1787 1192 1858 in
1228 1786 1485 1883 subduplicata
1520 1789 1663 1862 ratione

206 1900 281 1970 VV
303 1902 350 1973 ad
379 1905 417 1974 P
430 1904 464 1976 0
477 1927 501 1975 ><
515 1903 563 1988 A,
585 1903 620 1974 &
648 1900 906 1998 subduplicata
933 1903 1075 1976 ratione
1102 1904 1187 1977 ΡΟ
1218 1903 1265 1976 ad
1295 1904 1332 1975 A
1352 1904 1574 2002 conjunctim
1589 1932 1597 1990 ;
1626 1904 1663 1978 id

203 2034 270 2104 est,
300 2020 336 2091 in
366 2022 507 2094 ratione
536 2022 680 2118 integra
710 2021 744 2090 V
774 2021 822 2092 ad
842 2021 889 2096 A.
943 2021 1021 2093 Sed
1053 2035 1219 2117 tempore
1237 2021 1454 2094 vibrationis
1477 2023 1586 2094 unius
1615 2048 1662 2096 ex

207 2136 258 2207 itu
295 2136 330 2209 u
367 2139 486 2212 reditu
522 2139 747 2233 compositae,
780 2136 907 2232 pulsus
942 2137 1216 2235 progrediendo
1250 2137 1397 2210 conficit
1430 2137 1662 2212 latitudinem

204 2277 309 2324 suam
336 2255 374 2325 B
388 2256 427 2327 C.
485 2255 589 2351 Ergo
615 2271 772 2348 tempus,
792 2279 867 2348 quo
893 2251 1021 2348 pulsus
1047 2254 1226 2348 percurrit
1249 2254 1409 2348 spatium
1427 2255 1466 2325 B
1479 2254 1519 2340 C,
1538 2270 1595 2327 est
1613 2255 1661 2328 ad

203 2384 349 2464 tempus
378 2369 613 2444 oscillationis
642 2371 749 2442 unius
778 2396 825 2442 ex
854 2372 905 2443 itu
935 2370 972 2443 &
1000 2371 1120 2443 reditu
1149 2371 1374 2464 compositae,
1394 2386 1435 2443 ut
1464 2371 1498 2441 V
1529 2370 1578 2442 ad
1610 2371 1659 2458 A,

203 2486 239 2558 id
259 2502 324 2572 est,
341 2503 381 2559 ut
398 2489 437 2559 B
451 2488 484 2559 C
498 2488 546 2559 ad
567 2487 897 2560 circumferentiam
912 2486 1034 2560 circuli
1053 2489 1156 2585 cujus
1175 2488 1298 2559 radius
1313 2504 1370 2560 est
1384 2487 1432 2561 A.
1489 2487 1659 2582 Tempus

201 2618 335 2688 autem,
368 2630 443 2698 quo
485 2603 613 2700 pulsus
656 2620 844 2699 percurret
878 2606 1038 2700 spatium
1080 2605 1172 2691 BC,
1208 2620 1266 2677 est
1307 2605 1355 2676 ad
1399 2620 1547 2700 tempus
1584 2630 1660 2700 quo

202 2737 390 2815 percurret
432 2720 701 2818 longitudinem
745 2721 829 2793 huic
872 2721 1174 2795 circumferentiae
1219 2720 1410 2818 aequalem,
1447 2721 1484 2794 in
1528 2723 1660 2795 eadem

201 2838 342 2910 ratione
357 2865 364 2924 ;
416 2838 574 2933 ideoque
625 2854 793 2933 tempore
844 2835 927 2910 talis
979 2836 1215 2912 oscillationis
1279 2837 1407 2935 pulsus
1471 2853 1659 2934 percurret

200 2953 469 3052 longitudinem
497 2956 581 3028 huic
607 2955 909 3028 circumferentiae
936 2954 1129 3051 aequalem.
1185 2957 1228 3046 Q.
1240 2958 1288 3029 E.
1300 2959 1351 3030 D.

254 3074 370 3148 Corol.
397 3098 423 3146 1.
453 3072 641 3146 Velocitas
660 3071 833 3168 pulsuum
860 3098 905 3144 ea
931 3088 999 3160 est,
1020 3097 1131 3168 quam
1158 3074 1352 3169 acquirunt
1377 3072 1508 3170 gravia
1533 3096 1656 3166 aequa-

200 3188 283 3262 liter
316 3188 519 3263 accelerato
551 3206 652 3263 motu
684 3190 863 3280 cadendo,
897 3189 933 3262 8ι
968 3216 1054 3262 casu
1086 3216 1155 3265 suo
1184 3190 1430 3264 describendo
1460 3188 1655 3261 dimidium

201 3303 405 3378 altitudinis
424 3306 472 3378 A.
530 3306 630 3378 Nam
662 3322 830 3402 tempore
861 3332 968 3379 casus
999 3306 1118 3403 hujus
1151 3333 1234 3379 cum
1266 3306 1461 3380 velocitate
1488 3305 1657 3378 cadendo

200 3424 388 3518 acquisita,
413 3423 541 3517 pulsus
568 3439 757 3519 percurret
783 3423 944 3519 spatium
976 3424 1076 3519 quod
1108 3424 1177 3495 erit
1207 3423 1351 3519 aequale
1377 3424 1444 3496 toti
1475 3419 1658 3494 altitudini

201 3540 259 3626 A;
288 3541 446 3635 ideoque
477 3555 644 3635 tempore
675 3538 912 3613 oscillationis
943 3540 1051 3611 unius
1082 3566 1128 3612 ex
1156 3540 1207 3611 itu
1240 3539 1276 3611 81
1303 3539 1422 3611 reditu
1440 3537 1657 3633 compositae

198 3675 386 3751 percurret
412 3659 572 3752 spatium
604 3657 747 3753 aequale
774 3657 1076 3730 circumferentia}
1107 3654 1230 3729 circuli
1261 3656 1365 3728 radio
1391 3655 1428 3726 A
1456 3652 1655 3748 descripti:

198 3789 255 3846 est
273 3775 371 3846 enim
398 3790 544 3870 tempus
566 3801 673 3847 casus
703 3776 751 3847 ad
783 3791 929 3869 tempus
960 3772 1197 3848 oscillationis
1227 3787 1269 3843 ut
1299 3771 1422 3843 radius
1452 3769 1575 3843 circuli
1606 3769 1655 3842 ad

198 3897 364 3998 ejusdem
385 3897 722 3970 circumferentiam.

268 4012 386 4084 Corol.
410 4037 440 4084 2.
474 4013 588 4084 Unde
606 4038 689 4084 cum
707 4011 865 4085 altitudo
884 4009 945 4084 illa
963 4011 1000 4082 A
1020 4011 1067 4082 sit
1085 4025 1126 4081 ut
1152 4009 1253 4082 fluidi
1273 4009 1329 4081 vis
1348 4006 1498 4082 elastica
1515 4009 1654 4081 directe

198 4129 233 4201 u
251 4129 415 4201 densitas
434 4130 601 4225 ejusdem
621 4131 765 4203 inverse
778 4159 785 4217 ;
825 4127 1002 4202 velocitas
1034 4127 1205 4223 pulsuum
1236 4128 1305 4199 erit
1332 4127 1367 4198 in
1395 4128 1536 4200 ratione
1554 4151 1652 4199 com-

197 4247 318 4340 posita
352 4272 399 4318 ex
434 4245 691 4341 subduplicata
726 4248 867 4321 ratione
906 4246 1099 4320 densitatis
1143 4243 1289 4316 inverse
1325 4244 1362 4316 81
1397 4241 1653 4339 subduplicata

197 4365 339 4438 ratione
357 4365 413 4437 vis
432 4363 591 4439 elasticae
610 4366 757 4439 directe.
