4088 5768
875 466 1016 526 LJBER
1036 467 1220 528 PRIMUS.
1286 441 1289 446 ’
1690 468 1760 559 '97

300 659 476 735 describe
507 657 619 733 alium
653 659 838 748 cir'culum,
875 661 912 735 8ι
946 676 1055 748 recta,
1090 664 1177 758 'quae
1211 662 1341 761 tangit
1362 663 1465 741 hunc
1499 661 1685 750 circulum,
1721 664 1760 741 88

300 778 431 850 transit
447 802 515 874 per
538 803 756 873 concursum
782 804 929 852 crurum
961 779 1053 865 CK,
1071 779 1172 865 BK,
1192 779 1254 852 ubi
1284 804 1389 852 crura
1406 779 1536 876 ‘prima
1566 780 1601 853 C
1606 781 1653 865 P,
1672 779 1759 852 BP

300 910 520 969 concurrunt
548 895 598 969 ad
628 911 801 992 quartum
828 895 958 969 datum
984 910 1171 992 punctum,
1200 896 1269 969 erit
1296 893 1424 994 regula
1441 894 1502 969 illa
1527 896 1639 969 MN
1653 897 1758 994 cujus

298 1035 371 1107 ope
388 1012 595 1110 trajectoria
619 999 857 1088 describetur.
932 1013 1047 1089 Unde
1073 1015 1185 1088 etiam
1207 1013 1374 1090 :vicissim
1401 1013 1606 1109 trapezium
1632 1014 1758 1109 specie

298 1126 426 1200 datum
447 1126 492 1226 (si
510 1153 617 1202 casus
634 1129 787 1225 quidam
808 1128 1054 1226 impossibiles
1080 1129 1324 1230 excipiantur)
1344 1130 1383 1203 in
1400 1129 1489 1203 data
1515 1130 1648 1227 quavis
1678 1156 1755 1204 sec-

299 1244 400 1318 tione
413 1245 540 1318 conica
557 1245 704 1319 inscribi
722 1261 855 1341 potest

364 1361 517 1436 Sunt&
542 1360 615 1436 alia
639 1360 814 1437 lemmata
839 1389 996 1461 quorum
1023 1389 1095 1459 ope
1121 1364 1339 1462 trajectoriae
1369 1366 1494 1461 specie
1522 1362 1630 1451 datae,
1660 1363 1757 1438 datis

296 1480 442 1574 punctis
469 1480 506 1554 ἃ
530 1481 778 1579 tangentibus
805 1479 962 1554 describi
993 1494 1158 1576 possunt.
1214 1479 1308 1578 Ejus
1335 1481 1483 1579 generis
1511 1495 1569 1555 est
1594 1481 1706 1576 quod,
1725 1480 1756 1553 si

297 1612 397 1669 recta
413 1594 511 1670 linea
539 1622 607 1693 per
635 1607 813 1694 punctum
840 1598 999 1694 quodvis
1026 1598 1211 1694 positione
1238 1597 1367 1671 datum
1395 1598 1559 1685 ducatur,
1578 1623 1663 1695 quae
1690 1598 1755 1671 da-

297 1727 373 1785 tam
403 1713 485 1787 coni
503 1714 705 1788 sectionem
733 1715 770 1786 in
798 1715 943 1810 punctis
973 1713 1120 1788 duobus
1151 1716 1355 1800 intersecet,
1388 1713 1425 1787 81
1453 1714 1756 1788 intersectionum

298 1829 530 1903 intervallum
547 1831 739 1917 bisecetur,
758 1846 937 1927 punctum
954 1831 1166 1905 bisectionis
1180 1846 1310 1930 tanget
1323 1829 1434 1904 aliam
1452 1830 1535 1904 coni
1552 1831 1755 1905 sectionem

298 1947 466 2045 ejusdem
500 1947 636 2044 speciei
671 1973 755 2020 cum
789 1948 922 2043 priore,
953 1962 1067 2044 atque
1099 1973 1190 2022 axes
1225 1948 1427 2022 habentem
1462 1948 1593 2044 prioris
1623 1949 1756 2022 axibus

296 2062 500 2160 parallelos
555 2065 634 2139 Sed
651 2090 811 2162 propero
828 2063 877 2138 ad
896 2065 1014 2162 magis
1032 2063 1146 2139 utilia.

755 2315 1029 2389 LEMMA
1094 2310 1302 2390 XXVI.

305 2481 344 2553 T
338 2480 510 2577 rz'angrclz'
533 2482 642 2578 specie
667 2483 716 2560 ὅς’
740 2480 995 2577 magnitudine
1017 2479 1101 2552 dati
1123 2488 1196 2552 tres
1220 2481 1375 2576 angulos
1399 2479 1453 2551 ad
1473 2488 1588 2552 rectas
1612 2478 1757 2551 totidem

338 2598 519 2694 pon'tzbm
533 2598 650 2688 datas,
667 2623 749 2694 quae
772 2623 845 2670 non
869 2606 959 2671 sunt
982 2622 1100 2671 omnes
1116 2597 1322 2693 parallelae,
1339 2597 1503 2693 singulos
1522 2596 1577 2670 ad
1591 2597 1759 2694 singubzs

339 2723 486 2811 ponere.

368 2894 518 2967 Dantur
542 2894 727 2990 positione
753 2909 827 2968 tres
854 2908 963 2967 rectae
991 2892 1143 2966 infinitae
1169 2893 1210 2965 A
1224 2894 1271 2979 Β,
1298 2893 1339 2965 Α
1360 2892 1399 2978 C,
1426 2894 1466 2965 B
1481 2892 1520 2978 C,
1546 2891 1583 2965 8ι
1608 2906 1757 2988 oportet

297 3007 522 3108 triangulum
540 3011 583 3082 B
594 3011 636 3083 B
646 3011 689 3084 F
700 3011 751 3083 ita
768 3009 898 3097 locare,
917 3026 958 3082 ut
983 3008 1140 3108 angulus
1166 3011 1246 3107 ejus
1264 3010 1307 3081 B
1323 3008 1458 3083 lineam
1475 3009 1516 3081 A
1531 3011 1580 3098 B,
1599 3007 1757 3107 angulus

295 3127 339 3198 E
353 3123 489 3199 lineam
508 3127 549 3198 A
570 3127 609 3212 C,
629 3126 666 3200 81
690 3126 848 3225 angulus
874 3128 916 3198 F
935 3125 1070 3200 lineam
1095 3126 1135 3199 B
1151 3126 1185 3200 C
1202 3139 1344 3223 tangat
1397 3126 1521 3223 Super
1544 3127 1649 3217 DE,
1668 3128 1764 3199 DF

297 3240 335 3314 81
361 3242 405 3313 E
412 3242 455 3313 F
476 3241 645 3316 describe
672 3243 742 3316 tria
769 3241 987 3316 circulorum
1017 3257 1211 3340 segmenta
1240 3242 1390 3328 BRE,
1417 3243 1460 3314 B
1475 3243 1511 3315 G
1523 3243 1569 3333 F,
1601 3244 1643 3316 E
1651 3243 1708 3314 M
1711 3244 1755 3328 F,

296 3381 383 3454 quae
426 3358 575 3453 capiant
616 3357 773 3457 angulos
822 3356 967 3456 angulis
1017 3358 1110 3431 BA
1131 3359 1169 3445 C,
1213 3356 1254 3428 A
1271 3359 1310 3430 B
1325 3357 1365 3443 C,
1408 3356 1449 3429 A
1470 3358 1552 3431 CB
1593 3357 1756 3454 aequales

295 3475 513 3570 respective.
587 3476 856 3549 Describantur
880 3492 1005 3549 autem
1031 3475 1111 3549 haec
1136 3488 1331 3572 segmenta
1354 3470 1402 3545 ad
1420 3498 1483 3546 eas
1501 3488 1626 3569 partes
1643 3472 1755 3547 linea·

294 3617 379 3665 rum
421 3592 523 3678 DE,
567 3593 666 3678 BF,
710 3594 804 3680 EF,
836 3609 878 3667 ut
919 3592 1036 3667 literae
1078 3594 1173 3666 BR
1185 3594 1226 3666 E
1237 3592 1280 3663 B
1321 3590 1455 3664 eodem
1499 3592 1628 3665 ordine
1671 3617 1755 3664 cum

294 3707 412 3782 literis
454 3709 544 3782 BA
562 3709 650 3795 CB,
686 3707 803 3783 literae
845 3711 888 3782 B
903 3711 939 3783 G
951 3710 1042 3781 FB
1082 3711 1216 3783 eodem
1259 3732 1343 3779 cum
1386 3704 1500 3780 literis
1543 3708 1583 3778 A
1600 3708 1640 3779 B
1655 3707 1754 3796 CA,

295 3823 333 3898 81
360 3821 477 3898 literae
501 3826 545 3897 E
553 3825 610 3897 M
615 3827 658 3897 F
661 3825 703 3898 E
726 3826 859 3899 eodem
886 3851 969 3899 cum
995 3824 1110 3900 literis
1136 3828 1176 3898 A
1197 3825 1231 3898 C
1240 3826 1279 3897 B
1291 3824 1332 3896 A
1362 3823 1399 3896 in
1425 3823 1553 3896 orbem
1581 3823 1735 3896 redeant
1747 3851 1755 3909 ;

293 3941 434 4015 deinde
468 3939 725 4038 compleantur
758 3941 838 4015 haec
872 3957 1066 4040 segmenta
1109 3943 1145 4015 in
1181 3938 1334 4014 circulos
1374 3939 1547 4036 integros.
1618 3938 1757 4011 Secent

291 4055 418 4131 circuli
449 4058 525 4131 duo
555 4059 697 4155 priores
727 4084 768 4132 se
796 4074 924 4133 mutuo
952 4060 989 4132 in
1021 4059 1065 4146 G,
1092 4060 1240 4155 sintque
1266 4069 1391 4128 centra
1417 4079 1545 4128 eorum
1575 4054 1614 4126 P
1643 4053 1680 4126 8z
1707 4054 1751 4143 Q.

291 4174 441 4272 Junctis
463 4174 499 4247 G
511 4176 558 4260 P,
576 4176 615 4247 P
629 4175 674 4264 Q,
694 4200 785 4270 cape
806 4176 842 4248 G
851 4201 875 4248 a
892 4175 940 4247 ad
958 4176 999 4247 A
1015 4177 1055 4248 B
1079 4191 1121 4248 ut
1146 4189 1204 4247 est
1224 4173 1260 4245 G
1271 4172 1310 4244 P
1326 4170 1374 4243 ad
1391 4172 1430 4243 P
1444 4170 1488 4259 Q,
1508 4168 1545 4241 8c
1562 4186 1688 4243 centro
1709 4169 1754 4255 G,

293 4290 491 4366 intervallo
516 4292 586 4364 Ga
611 4292 780 4365 describe
806 4290 989 4378 circulum,
1013 4292 1077 4389 qui
1098 4305 1200 4364 secet
1225 4285 1399 4361 circulum
1425 4287 1585 4383 primum
1610 4287 1653 4358 D
1668 4286 1758 4359 GE

293 4410 333 4482 in
351 4434 384 4482 a
436 4409 623 4506 Jungatur
652 4424 732 4481 tum
761 4408 842 4479 al)
874 4432 1003 4480 secans
1038 4405 1212 4480 circulum
1248 4403 1452 4476 secundum
1486 4403 1580 4474 DF
1587 4403 1623 4476 G
1656 4402 1694 4474 in
1724 4402 1754 4488 b,

291 4530 375 4598 tum
392 4525 469 4597 aE
486 4533 617 4598 secans
635 4522 810 4598 circulum
828 4524 979 4597 tertium
993 4525 1035 4597 E
1043 4525 1099 4598 M
1103 4525 1165 4596 F
1156 4548 1193 4596 m
1214 4548 1239 4596 c
1311 4519 1398 4593 Et
1383 4545 1462 4618 Jam
1488 4517 1573 4593 licet
1600 4518 1755 4616 figuram

290 4643 334 4716 A
348 4643 390 4715 B
404 4642 438 4716 C
443 4641 474 4714 d
477 4667 497 4714 e
494 4641 534 4736 s
542 4642 768 4715 constituere
785 4639 942 4714 similem
961 4640 997 4714 8c
1015 4638 1196 4737 aequalem
1215 4638 1344 4735 figurae
1360 4637 1443 4709 abc
1460 4636 1503 4707 B
1514 4637 1556 4709 E
1566 4637 1612 4710 F.
1667 4635 1760 4799 Quo

290 4758 394 4832 facto
411 4756 600 4853 perficitur
616 4754 817 4853 problema

362 4874 515 4972 Agatur
540 4873 639 4948 enim
666 4873 708 4944 F
711 4897 730 4945 c
755 4871 824 4967 ipsi
850 4872 930 4943 aD
954 4895 1149 4969 occurrens
1176 4869 1212 4941 in
1239 4894 1274 4953 n,
1294 4794 1548 4969 &jungantur
1571 4864 1655 4948 aG,
1675 4794 1762 4986 bG,

1016 4993 1041 5043 G
