4110 5782
856 336 998 396 zman
1018 336 1201 397 ananus.
1710 346 1753 413 61

298 534 400 608 tione
424 529 630 628 composita
654 555 702 604 ex
727 530 987 628 subduplicata
1011 531 1154 607 ratione
1179 528 1304 605 lateris
1330 530 1419 606 recti
1438 531 1475 606 8ι
1497 532 1760 632 sesquiplicata

299 649 441 723 ratione
467 647 548 721 axis
575 648 735 746 majoris.
789 648 868 722 Sed
895 648 966 723 hoc
995 647 1250 749 rectangulum
1280 646 1362 747 (per
1388 646 1497 724 corol.
1531 676 1633 747 prop.
1664 653 1758 752 xw.)

298 781 357 840 est
374 766 411 839 iu
429 765 571 839 ratione
588 764 794 863 composita
811 790 858 839 ex
875 764 1132 863 subduplicata
1149 766 1292 840 ratione
1308 764 1433 840 lateris
1455 768 1544 841 recti
1563 767 1600 843 8z
1617 769 1760 846 ratione

296 881 474 979 periodici
508 882 696 980 temporis.
770 882 954 956 Dematur
985 882 1184 979 utrobique
1216 882 1474 980 subduplicata
1507 884 1602 961 ratio
1635 883 1760 962 lateris

297 999 397 1085 recti,
417 998 454 1073 81
476 999 642 1073 manebit
664 997 925 1096 sesquiplicata
951 1000 1045 1076 ratio
1070 1000 1219 1099 majoris
1244 1001 1326 1074 axis
1351 1001 1484 1076 eadem
1509 1027 1594 1076 cum
1617 1003 1760 1079 ratione

296 1115 474 1212 periodici
492 1117 679 1213 temporis.
735 1117 903 1208 Q.E.J).

368 1233 487 1307 Coral.
514 1233 612 1307 Sunt
642 1233 755 1331 igitur
783 1247 953 1331 tempora
982 1233 1169 1330 periodica
1199 1235 1236 1308 in
1266 1232 1458 1330 ellipsibus
1488 1234 1620 1309 eadem
1650 1261 1694 1312 ac
1722 1238 1758 1312 in

296 1350 450 1440 circulis,
468 1376 626 1449 quorum
644 1351 814 1425 diametri
831 1365 1027 1447 aequantur
1043 1352 1241 1450 majoribus
1257 1351 1391 1425 axibus
1408 1348 1598 1448 ellipseon.

475 1690 849 1768 PROPOSITIO
886 1692 1011 1766 XVI.
1064 1691 1422 1768 THEOREMA
1458 1691 1590 1767 VIII.

297 1890 436 1966 Iisdem
455 1890 599 1988 pontis,
629 1891 679 1970 ὅ
703 1889 795 1965 actis
819 1889 875 1963 aa'
897 1899 1049 1987 corpora
1074 1890 1182 1965 lincis
1206 1888 1321 1979 rato,
1343 1912 1425 1986 qna
1447 1887 1577 1961 ibidem
1602 1896 1762 1986 tangant

348 2023 497 2115 orbitas,
520 2022 748 2120 demumque
771 2024 818 2096 ab
843 2022 1010 2096 umbilico
1033 2022 1218 2096 communi
1238 2022 1293 2096 ad
1312 2022 1380 2097 has
1405 2029 1589 2118 tangentes
1604 2030 1758 2120 perpen-

348 2156 597 2236 dicularibns:
621 2155 701 2229 dz'co
716 2154 815 2253 quod
830 2155 1027 2229 velocitatas
1041 2164 1234 2252 corporum
1249 2163 1339 2229 sunt
1354 2154 1395 2228 in
1412 2154 1555 2228 ratione
1569 2157 1760 2251 composita

347 2316 393 2365 a
406 2290 549 2364 ratione
562 2290 907 2388 perpendicnhrum
932 2289 1080 2381 inverse,
1101 2291 1151 2370 ἐπ’
1165 2288 1417 2386 subduplicata
1434 2289 1578 2364 ratzane
1600 2291 1760 2364 latentem

349 2433 529 2499 rectarum
544 2423 819 2523 pnnaspalium
838 2423 978 2498 directe.
1098 2477 1102 2485 -

368 2620 435 2694 Ab
459 2619 634 2696 umbilico
659 2621 694 2694 S
716 2621 765 2695 ad
784 2635 1000 2717 tangentem
1018 2620 1105 2694 PR

298 2738 457 2813 demitte
491 2736 794 2835 perpendiculum
821 2738 912 2824 SI',
940 2736 977 2812 8z
1002 2735 1104 2813 velo-

297 2857 392 2932 citas
417 2856 582 2953 corporis
606 2857 646 2929 P
670 2856 741 2930 erit
757 2856 943 2951 reciproce
962 2855 998 2928 in
1016 2855 1102 2929 sub·

298 3032 488 3132 duplicata
529 3033 672 3107 ratione
714 3030 930 3129 quantitatis
965 2970 1101 3165 Ψ.

301 3214 405 3288 Nam
422 3211 600 3288 velocitas
628 3211 689 3287 illa
714 3227 772 3287 est
797 3228 839 3286 ut
859 3236 966 3286 arcus
990 3235 1101 3307 quam

299 3331 475 3405 minimus
500 3329 587 3420 PQ
613 3329 649 3402 in
675 3329 764 3402 data
786 3328 964 3425 temporis
990 3327 1101 3424 parti-

299 3445 383 3522 cula
403 3446 620 3543 descriptus,
638 3444 709 3519 hoc
729 3461 788 3520 est
817 3443 900 3544 (per
920 3444 1003 3520 lem.
1021 3443 1100 3542 vn.)

300 3579 344 3638 ut
367 3579 528 3663 tangens
544 3563 641 3650 PR,
661 3563 782 3649 idest,
801 3562 850 3637 ob
868 3561 1100 3659 proportion-

300 3679 379 3755 ales
405 3680 494 3809 PR
519 3679 569 3753 ad
597 3677 747 3771 QT&
774 3678 924 3752 SPad
950 3679 1102 3764 SKut

302 3797 528 3993 SpsxssT,
558 3855 639 3930 sive
672 3869 714 3929 ut
750 3855 841 3928 SY
869 3854 1054 3951 reciproce
1089 3852 1126 3928 8ι
1160 3854 1195 3926 S
1200 3854 1239 3926 P
1262 3877 1286 3926 ><
1310 3851 1403 3943 QT
1429 3850 1587 3938 directe;
1629 3863 1762 3947 estque

300 4037 337 4111 S
345 4037 385 4111 P
406 4060 431 4110 x
456 4037 490 4128 Q
511 4038 550 4111 T
569 4053 610 4111 ut
638 4063 725 4111 area
754 4037 844 4111 dato
871 4050 1039 4132 tempore
1065 4033 1260 4130 descripta,
1287 4032 1324 4107 id
1351 4046 1410 4106 est
1438 4031 1519 4128 (per
1543 4055 1645 4128 prop.
1667 4030 1759 4129 xlv.)

300 4156 339 4229 in
357 4152 615 4251 subduplicata
632 4154 773 4228 ratione
790 4152 914 4228 lateris
933 4153 1031 4227 recti.
1087 4152 1131 4243 Q.
1146 4152 1194 4225 E.
1208 4151 1258 4225 D.

371 4271 545 4346 Caroli.
575 4271 711 4344 Latera
741 4284 841 4344 recta
875 4267 1089 4367 principalia
1122 4283 1210 4342 sunt
1240 4266 1276 4339 in
1308 4265 1449 4338 ratione
1479 4262 1685 4362 composita
1713 4288 1762 4338 ex

298 4384 489 4486 duplicata
522 4386 664 4462 ratione
706 4385 1061 4483 perpendiculorum,
1098 4383 1135 4458 81
1174 4381 1362 4481 duplicata
1403 4381 1546 4455 ratione
1587 4379 1760 4455 velocita-

297 4521 390 4580 tum.

370 4620 492 4697 Carol.
523 4644 555 4695 2.
598 4617 826 4695 Velocitates
851 4643 1057 4717 corporum,
1076 4618 1113 4692 in
1140 4615 1374 4690 maximis&
1399 4615 1561 4691 minimis
1578 4616 1627 4689 ab
1643 4616 1761 4689 umbi·

292 4739 370 4816 lico
387 4735 579 4814 communi
595 4736 789 4822 distantiis,
808 4749 896 4809 sunt
921 4735 958 4809 in
985 4736 1127 4811 ratione
1153 4735 1359 4832 composita
1383 4759 1431 4808 ex
1457 4733 1598 4808 ratione
1623 4732 1761 4807 distan-
