4088 5768
856 495 997 554 eruere
1017 497 1201 558 fusurus.
1690 507 1753 573 16,

298 714 535 763 communem
553 686 686 785 aequali
704 704 805 763 motu
825 689 1000 789 angulari,
1020 709 1216 788 propterea
1234 693 1334 790 quod
1353 695 1390 766 in
1409 693 1589 768 directum
1611 721 1760 793 semper

293 808 476 905 jacentes-
499 831 571 881 non
608 823 753 881 mutant
787 806 1060 882 inclinationem
1096 809 1142 881 ad
1179 835 1220 882 se
1258 826 1396 886 mutuo.
1469 811 1598 885 Lineae
1634 827 1757 886 autem

299 940 419 1009 rectae,
446 949 531 1020 quae
557 940 644 997 sunt
670 924 706 997 in
726 924 814 997 data
831 925 973 998 ratione
990 925 1038 998 ad
1057 926 1225 1012 invicem,
1254 925 1291 999 81
1317 925 1450 1024 aequali
1469 943 1571 1001 motu
1591 926 1757 1025 angulari

298 1042 434 1115 circum
470 1042 646 1115 terminos
690 1068 777 1115 suos
819 1041 994 1127 feruntur,
1031 1041 1169 1140 figuras
1212 1043 1347 1116 circum
1391 1044 1545 1118 eosdem
1580 1046 1757 1119 terminos

298 1158 335 1230 in
353 1156 483 1254 planiS,
503 1184 587 1255 quae
614 1183 798 1231 unacum
824 1159 882 1232 his
909 1160 1074 1233 terminis
1095 1159 1156 1234 vel
1183 1162 1386 1258 quiescunt,
1406 1161 1466 1235 vel
1494 1179 1596 1236 motu
1623 1163 1756 1259 quovis

297 1299 372 1348 non
424 1274 591 1373 angulari
643 1293 848 1362 moventur,
901 1275 1115 1350 describunt
1165 1278 1317 1352 omnino
1360 1276 1508 1351 similes,
1594 1278 1755 1363 Proinde

295 1391 435 1466 similes
477 1408 564 1465 sunt
598 1392 736 1490 figurae,
772 1419 857 1488 quae
900 1393 958 1466 his
1000 1393 1184 1467 distantiis
1224 1395 1451 1468 circumactis
1486 1393 1752 1468 describuntur.

297 1510 343 1600 Q.
356 1510 405 1583 E.
422 1511 472 1582 D.

440 1763 811 1838 PROPOSITIO
849 1765 1022 1839 LVIII.
1094 1765 1451 1839 THEOREMA
1490 1765 1616 1838 XXI.

292 1967 345 2039 Si
374 1973 527 2060 corpora
561 1962 632 2035 duo
674 1962 816 2036 uiribus
847 1963 1033 2059 quibusvis
1064 1990 1100 2037 se
1140 1974 1268 2037 mutuo
1310 1962 1478 2051 trahunt,
1525 1964 1574 2040 &³
1616 1964 1753 2035 interut

345 2082 588 2154 revolvuntur
613 2079 709 2152 circa
730 2080 935 2177 gravitates
963 2088 1128 2154 centrum
1157 2106 1362 2155 commuue:
1387 2081 1464 2154 dico
1488 2078 1588 2178 quod
1597 2079 1751 2177 figuris,

343 2224 435 2296 quas
463 2205 614 2292 corpua
643 2196 694 2269 sic
723 2205 820 2269 mota
848 2195 1055 2270 describunt
1086 2197 1223 2269 circum
1252 2224 1288 2271 se
1319 2207 1455 2283 mutuo,
1477 2207 1598 2294 potest
1614 2196 1752 2295 figura

342 2314 478 2389 similis
513 2315 562 2391 ἃ
594 2313 753 2408 (equulei,
785 2313 922 2387 circum
955 2323 1085 2409 corpus
1117 2315 1341 2388 alterutrum
1376 2316 1576 2404 immotum,
1609 2314 1753 2388 uiribus

343 2432 469 2508 uidem
484 2431 642 2506 describi.

364 2626 622 2703 Revolvantur
647 2653 801 2725 corpora
827 2629 867 2713 S,
886 2628 925 2700 Ρ
949 2627 1045 2701 circa
1070 2651 1267 2708 commune
1292 2625 1487 2724 gravitatis
1513 2639 1680 2698 centrum
1710 2628 1749 2712 C,

292 2746 486 2846 pergendo
503 2747 551 2819 de
569 2747 604 2819 S
626 2745 674 2818 ad
708 2746 890 2844 T,deque
908 2748 946 2819 P
971 2746 1018 2819 ad
1049 2747 1092 2837 Q.
1164 2744 1202 2818 A
1230 2744 1319 2816 dato
1349 2755 1487 2839 puncto
1512 2769 1530 2815 s
1553 2742 1642 2838 ipsis
1660 2742 1695 2814 S
1701 2743 1748 2829 Ρ,

298 2867 338 2939 Τ
346 2865 381 2955 Q
408 2861 571 2960 aequales
597 2862 634 2936 dc
659 2861 844 2960 parallelae
871 2863 1053 2936 ducantur
1077 2887 1226 2958 semper
1250 2869 1311 2956 sp,
1339 2885 1415 2956 sq,·
1441 2858 1478 2931 &
1508 2885 1621 2932 curva
1639 2868 1747 2957 pqv,

291 3005 405 3080 quam
423 2995 600 3076 punctum
621 2990 654 3077 p
680 2978 909 3054 revolvendo
935 2980 1071 3053 circum
1096 2992 1275 3075 punctum
1302 2977 1496 3050 immotum
1520 3004 1539 3051 s
1564 2977 1747 3063 describit,

289 3100 362 3174 erit
387 3096 515 3170 similis
542 3096 579 3170 81
604 3095 756 3194 aequalis
783 3098 915 3183 curvis,
943 3122 1035 3193 quas
1061 3120 1215 3192 corpora
1242 3095 1281 3182 S,
1308 3095 1347 3167 Ρ
1371 3093 1586 3167 describunt
1611 3092 1748 3167 circum

290 3243 333 3291 se
360 3229 512 3289 mutuo:
539 3214 769 3312 proindeque
798 3212 880 3312 (per
905 3213 1019 3288 theor.
1041 3211 1109 3309 xx)
1132 3209 1261 3285 similis
1279 3211 1401 3284 curvis
1427 3211 1462 3283 S
1476 3211 1516 3284 T
1535 3210 1572 3283 dc
1597 3211 1636 3283 Ρ
1649 3210 1683 3301 Q
1704 3211 1746 3298 V,

291 4339 384 4412 quas
402 4312 534 4386 eadem
556 4337 710 4409 corpora
735 4310 952 4384 describunt
976 4309 1111 4382 circum
1139 4332 1334 4381 commune
1359 4305 1553 4404 gravitatis
1579 4320 1745 4378 centrum

294 4432 328 4505 C
337 4462 350 4506 .·
376 4430 489 4526 idque
519 4428 607 4524 quia
637 4426 894 4524 proportiones
924 4424 1104 4499 linearum
1131 4425 1165 4498 S
1176 4426 1215 4512 C,
1248 4425 1282 4498 C
1288 4425 1334 4511 P,
1363 4422 1399 4496 8ι
1426 4423 1460 4495 S
1467 4423 1505 4495 P
1530 4419 1590 4494 vel
1617 4430 1671 4517 sp
1698 4419 1747 4492 ad

291 4548 449 4622 invicem
471 4545 616 4619 dantur.

359 4666 441 4739 cas.
476 4689 504 4738 1.
535 4664 744 4737 Commune
770 4660 859 4735 illud
885 4660 1079 4759 gravitatis
1107 4674 1273 4732 centrum
1308 4658 1348 4746 C,
1378 4682 1446 4753 per
1474 4654 1599 4754 legum
1630 4652 1746 4728 corol-

289 4780 420 4857 larium
447 4795 629 4879 quartum,
657 4777 719 4854 vel
744 4778 909 4876 quiescit,
937 4775 998 4850 vel
1033 4790 1206 4850 movetur
1234 4773 1465 4847 uniformiter
1490 4774 1526 4847 in
1553 4772 1743 4846 directum.

293 4901 480 4975 Ponamus
510 4899 639 4995 primo,
671 4897 772 4994 quod
802 4896 839 4968 id
874 4893 1040 4991 quiescit,
1072 4893 1184 4988 inque
1213 4918 1231 4964 s
1265 4892 1301 4965 8ι
1326 4900 1358 4988 p
1392 4889 1560 4965 locentur
1593 4914 1746 4986 corpora

1008 5016 1031 5063 L
