4110 5782
713 423 855 482 LIBER
889 424 1142 485 SECUNDUS.

835 706 1033 781 Sclrolium.

274 917 470 999 Caeterum,
514 914 761 988 resistentiam
804 939 1000 1009 corporum
1043 938 1127 987 esse
1175 912 1212 985 in
1260 912 1403 988 ratione
1446 914 1662 1000 velocitatis,

205 1033 421 1130 hypothesis
442 1050 500 1105 est
526 1032 644 1129 magis
671 1030 932 1104 mathematica
958 1056 1070 1128 quam
1097 1030 1281 1106 naturalis.
1338 1031 1382 1104 In
1410 1033 1550 1119 mediis,
1578 1059 1663 1131 quae

205 1152 325 1249 rigore
348 1150 449 1225 omni
477 1166 619 1234 vacant,
648 1148 865 1222 resistentiae
897 1174 1092 1244 corporum
1118 1166 1205 1222 sunt
1236 1149 1272 1221 in
1305 1147 1491 1244 duplicata
1522 1151 1664 1224 ratione

204 1267 451 1342 velocitatum.
534 1266 684 1339 Etenim
737 1265 882 1339 actione
924 1266 1088 1362 corporis
1135 1264 1330 1340 velocioris
1374 1267 1666 1340 communicatur

202 1386 324 1459 eidem
361 1384 472 1457 medii
507 1381 713 1480 quantitati,
749 1377 917 1479 tempore
953 1384 1103 1468 minore,
1139 1399 1262 1458 motus
1299 1384 1417 1482 major
1450 1384 1487 1457 in
1523 1385 1664 1460 ratione

203 1502 352 1601 majoris
386 1500 611 1587 velocitatis,
657 1500 815 1595 ideoque
850 1515 1017 1595 tempore
1058 1499 1203 1596 aequali,
1241 1500 1292 1574 ob
1332 1501 1509 1599 majorem
1552 1502 1662 1576 medii

203 1621 447 1717 quantitatem
478 1618 741 1714 perturbatam,
771 1617 1063 1691 communicatur
1088 1634 1209 1691 motus
1237 1617 1273 1690 in
1304 1615 1490 1712 duplicata
1521 1619 1663 1693 ratione

204 1738 339 1834 major;
372 1752 503 1831 estque
530 1735 739 1808 resistentia
767 1734 850 1833 (per
882 1752 1004 1809 motus
1034 1733 1105 1833 leg.
1138 1732 1304 1832 1181111)
1335 1750 1375 1807 ut
1415 1751 1536 1808 motus
1563 1761 1661 1810 com·

203 1853 418 1927 municatus.
489 1852 695 1925 Videamus
731 1852 842 1950 igitur
875 1850 1004 1947 quales
1038 1853 1203 1926 oriantur
1237 1868 1359 1926 motus
1394 1877 1441 1925 ex
1477 1852 1545 1926 hac
1578 1850 1663 1952 lege

205 1969 433 2042 resistentiae.

749 2321 1003 2396 SECTIO
1051 2321 1117 2398 ll.

202 2523 262 2594 Dr
277 2532 375 2595 motu
401 2531 593 2618 corporum
610 2523 740 2619 qur'bus
766 2523 953 2597 resrilr'lur
976 2523 1017 2596 in
1042 2523 1229 2619 drqilicala
1255 2523 1398 2600 rationo
1424 2525 1659 2600 volocilalum.

410 2953 784 3028 PROPOSITIO
830 2954 880 3028 V.
949 2955 1306 3030 THEOREMA
1355 2955 1445 3029 111.

204 3165 253 3237 Si
278 3161 424 3258 corpori
455 3161 642 3234 resistitur
674 3160 715 3233 in
745 3161 942 3234 velocr'lalis
975 3162 1118 3236 rolr'one
1145 3161 1342 3259 duplicata,
1380 3162 1429 3242 dr*
1462 3161 1554 3236 rilorr
1587 3162 1662 3235 soh

251 3297 292 3369 vi
312 3296 424 3368 insila
442 3304 521 3391 per
552 3294 710 3367 medium
744 3295 912 3368 similare
938 3304 1125 3378 moretum
1155 3304 1315 3392 temporo
1344 3323 1427 3371 vero
1463 3306 1665 3372 sumantur

251 3432 291 3504 in
301 3429 555 3527 progressione
563 3430 778 3526 geomelrico
795 3454 820 3501 o
837 3428 1041 3502 minoribus
1057 3430 1225 3504 lrrminis
1240 3430 1294 3503 od
1306 3431 1460 3527 majores
1467 3440 1663 3528 pergino.-

250 3565 327 3638 dr'co
356 3564 456 3660 quod
480 3564 678 3636 velocitalrs
708 3562 817 3635 initio
845 3563 1079 3660 singulorum
1113 3573 1314 3659 temporum
1347 3574 1437 3637 sunl
1468 3563 1510 3636 io
1543 3563 1661 3636 eodem

242 3697 494 3796 progressione
508 3697 722 3794 grorulrico
753 3697 914 3782 inverse,·
947 3698 1115 3795 &quod
1136 3699 1257 3796 spolio
1283 3708 1373 3773 sunt
1397 3700 1564 3796 aeqrralzir,
1583 3723 1665 3795 quoe

250 3831 410 3930 singulis
426 3830 643 3925 limporibus
659 3830 923 3905 describuntur.

270 4102 370 4174 Nam
406 4099 582 4196 quoniam
609 4099 792 4195 quadrato
822 4096 1029 4173 velocitatis
1059 4097 1344 4195 proportionalis
1370 4114 1428 4173 est
1453 4095 1662 4174 resistentia

202 4221 324 4306 medii,
347 4219 384 4292 da
414 4217 632 4291 resistentiae
659 4213 934 4314 proportionale
965 4229 1023 4289 est
1056 4215 1334 4289 decrementum
1364 4213 1590 4304 velocitatis;
1628 4214 1660 4288 si

200 4352 348 4433 tempus
380 4336 417 4409 in
448 4332 645 4431 particulas
677 4333 888 4408 innumeras
918 4331 1081 4429 aequales
1119 4333 1316 4419 dividatur,
1348 4332 1530 4428 quadrata
1559 4328 1660 4406 velo·

200 4453 353 4527 citatum
401 4449 555 4550 singulis
603 4467 812 4546 temporum
856 4448 968 4523 initiis
1011 4464 1120 4523 erunt
1167 4448 1405 4524 velocitatum
1457 4447 1660 4522 earundem

200 4570 416 4644 differentiis
435 4565 732 4665 proportionalia.
786 4567 908 4642 Sunto
926 4567 1103 4665 temporis
1125 4564 1313 4664 particulae
1331 4564 1402 4640 illae
1428 4567 1468 4639 A
1482 4566 1535 4652 K,
1553 4565 1603 4639 K
1610 4565 1658 4652 L,

200 4688 310 4776 LM,
342 4686 407 4760 &a
443 4687 479 4757 in
511 4700 610 4757 recta
643 4685 678 4758 C
687 4685 729 4757 D
763 4699 931 4780 sumptae,
964 4684 1000 4757 81
1034 4683 1224 4781 erigantur
1256 4681 1519 4781 perpendicula
1551 4683 1593 4756 A
1609 4683 1659 4771 B,

199 4807 247 4877 K
254 4805 288 4890 k,
324 4806 400 4889 Ll,
437 4803 492 4875 M
501 4829 546 4889 m,
593 4801 659 4876 &e
705 4798 918 4899 hyperbolae
961 4802 1001 4874 B
1011 4801 1069 4875 kl
1077 4826 1114 4874 m
1131 4802 1175 4888 G,
1212 4815 1338 4875 centro
1376 4801 1411 4876 C
1439 4799 1660 4899 asymptotis
