4110 5782
416 419 485 506 184
887 423 953 481 DE
973 423 1078 483 MOT
1077 423 1111 483 U
1129 423 1385 483 CORPORUM

411 611 569 711 oblique,
589 615 625 688 in
644 616 776 689 eadem
795 616 855 690 illa
872 616 1077 714 superficiei
1104 632 1218 713 parte,
1238 642 1312 713 qua
1338 617 1448 712 prius,
1469 616 1626 713 impulsu
1645 642 1868 714 quocunque

412 754 532 816 novo;
568 731 604 804 81
634 757 717 804 cum
748 733 854 807 citior
882 733 942 809 vel
970 735 1086 808 serior
1112 731 1294 830 impulsus
1320 733 1491 807 effectum
1519 733 1568 806 nil
1595 749 1723 825 mutet,
1751 737 1867 808 mani-

410 845 546 919 festum
573 862 639 933 est,
667 849 767 944 quod
793 849 832 922 hi
858 849 934 925 duo
960 850 1139 948 impulsus
1165 850 1374 925 successive
1405 852 1572 948 impressi
1599 852 1759 924 eundem
1786 876 1868 947 pro

411 963 550 1037 ducent
575 981 726 1054 motum,
753 967 853 1039 acsi
880 968 987 1041 simul
1015 968 1183 1063 impressi
1209 967 1374 1053 fuissent,
1394 967 1464 1040 hoc
1490 983 1556 1055 est,
1578 967 1749 1054 eundem,
1768 993 1811 1040 ac
1837 967 1868 1040 si

411 1077 546 1178 globus
564 1083 601 1154 vi
620 1082 775 1178 simplici
793 1108 841 1156 ex
858 1099 1016 1180 utroque
1037 1086 1118 1180 (per
1134 1082 1258 1180 legum
1277 1081 1385 1157 corol.
1406 1081 1449 1181 11)
1469 1084 1674 1180 composita
1692 1081 1871 1180 impulsus

411 1195 550 1284 suisset,
582 1212 695 1295 atque
725 1200 810 1274 ideo
840 1199 1054 1296 simplicem,
1083 1200 1179 1273 circa
1207 1225 1316 1273 axem
1348 1200 1583 1274 inclinatione
1613 1201 1751 1274 datum.
1818 1201 1871 1274 Et

411 1336 479 1407 par
512 1329 570 1386 est
603 1314 696 1420 ratio
730 1315 910 1412 impulsus
944 1316 1096 1389 secundi
1131 1317 1216 1389 sacti
1252 1317 1289 1388 in
1323 1314 1445 1389 locum
1480 1315 1592 1389 alium
1627 1316 1798 1412 quemvis
1831 1315 1868 1388 in

412 1444 600 1524 aequatore
618 1447 740 1505 motus
759 1433 890 1529 primi;
916 1450 958 1507 ut
983 1432 1224 1529 &impulsus
1250 1434 1359 1529 primi
1384 1432 1470 1507 sacti
1497 1434 1534 1506 in
1560 1429 1681 1507 locum
1699 1431 1870 1529 quemvis

280 1622 286 1632 ,
413 1543 450 1616 in
476 1562 666 1642 aequatore
691 1565 823 1636 motus,
843 1576 956 1647 quem
983 1547 1163 1646 impulsus
1189 1549 1375 1622 secundus
1401 1551 1481 1623 sine
1507 1549 1627 1645 primo
1652 1565 1868 1646 generaret;

412 1677 527 1758 atque
561 1663 646 1739 ideo
680 1665 905 1762 impulsuum
946 1667 1139 1741 amborum
1180 1666 1360 1740 sactorum
1405 1666 1442 1739 in
1486 1663 1568 1740 loca
1610 1691 1868 1762 quaecunque:

412 1781 644 1875 generabunt
673 1781 711 1855 hi
742 1785 903 1859 eundem
935 1799 1077 1858 motum
1108 1782 1321 1856 circularem
1352 1809 1395 1857 ac
1425 1783 1455 1854 si
1487 1780 1594 1854 simul
1626 1781 1803 1855 &semel
1830 1782 1867 1855 in

359 1976 364 1981 .
412 1893 534 1968 locum
578 1897 846 1973 intersectionis
890 1917 1122 1999 aequatorum
1165 1916 1332 1973 motuum
1381 1898 1535 1986 illorum,
1577 1923 1671 1995 quos
1713 1899 1868 1972 seorsim

411 2029 641 2108 generarent,
660 2014 817 2089 fuissent
835 2017 1011 2114 impressi.
1067 2015 1212 2091 Globus
1231 2017 1342 2114 igitur
1358 2017 1613 2113 homogeneus
1632 2014 1667 2087 81
1684 2013 1868 2110 perfectus
1968 2029 1970 2033 ’

412 2151 486 2201 non
514 2129 647 2204 retinet
672 2149 794 2206 motus
820 2132 944 2231 plures
970 2135 1172 2221 distinctos
1199 2134 1267 2208 sed
1299 2134 1499 2229 impressos
1523 2155 1654 2205 omnes
1680 2131 1870 2226 componit

412 2243 449 2317 81
483 2245 531 2318 ad
566 2272 679 2321 unum
711 2250 861 2339 reducit,
892 2252 929 2326 81
957 2269 1141 2350 quatenus
1172 2251 1209 2324 in
1239 2275 1281 2324 se
1311 2266 1377 2337 est,
1408 2263 1562 2347 gyratur
1589 2271 1738 2342 semper
1764 2262 1868 2320 motu

411 2360 566 2458 simplici
598 2363 635 2437 81
664 2366 835 2442 uniformi
866 2368 962 2442 circa
991 2393 1100 2442 axem
1130 2367 1290 2455 unicum,
1319 2363 1553 2439 inclinatione
1584 2388 1732 2459 semper
1765 2363 1866 2436 inva-

411 2475 528 2549 riabili
570 2479 708 2556 datum.
791 2483 869 2557 Sed
911 2509 979 2558 nec
1018 2485 1076 2558 vis
1114 2485 1320 2582 centripeta
1360 2478 1633 2555 inclinationem
1673 2477 1762 2565 axis,
1803 2494 1870 2552 aut
1956 2544 1957 2549 ,

411 2595 604 2668 rotationis
633 2596 869 2672 velocitatem
900 2617 1042 2676 mutare
1070 2617 1203 2698 potest.
1258 2600 1301 2674 Si
1330 2598 1465 2698 globus
1495 2595 1607 2694 plano
1636 2621 1866 2693 quoeunque,

412 2735 480 2805 per
496 2727 663 2786 centrum
682 2739 789 2786 suum
808 2715 1028 2800 &centrum
1055 2717 1092 2790 in
1119 2716 1220 2813 quod
1238 2716 1296 2789 vis
1313 2716 1485 2813 dirigitur
1508 2727 1730 2799 transeunte,
1749 2712 1867 2785 dividi

412 2825 638 2927 intelligatur
667 2831 704 2903 in
734 2831 810 2905 duo
840 2831 1120 2929 hemisphaeria3
1151 2831 1299 2930 urgebit
1324 2856 1472 2930 semper
1496 2831 1553 2903 vis
1579 2827 1640 2901 illa
1669 2844 1868 2924 utrumque

411 2944 713 3042 hemisphaerium
739 2948 939 3046 aequaliter,
968 2951 1004 3024 a
1030 2964 1227 3047 propterea
1252 2947 1416 3049 globum,
1443 2946 1566 3044 quoad
1597 2960 1738 3018 motum
1770 2959 1866 3018 rota-

412 3063 533 3150 tionis,
569 3062 706 3137 nullam
741 3065 777 3137 in
813 3082 957 3162 partem
992 3066 1189 3142 inclinabit.
1271 3065 1448 3138 Addatur
1480 3087 1570 3136 vero
1603 3058 1736 3134 alicubi
1771 3060 1869 3134 inter

412 3178 539 3275 polum
567 3180 602 3253 u
628 3197 854 3278 aequatorem
881 3185 1035 3258 materia
1066 3209 1164 3259 nova
1193 3184 1230 3256 in
1258 3182 1414 3256 sormam
1445 3179 1580 3254 montis
1608 3175 1802 3264 cumulata,
1831 3177 1868 3251 81

413 3296 503 3383 haec,
523 3313 702 3393 perpetuo
727 3316 861 3374 conatu
888 3302 1084 3376 recedendi
1110 3328 1133 3375 a
1159 3317 1286 3375 centro
1312 3300 1368 3373 sui
1395 3315 1526 3383 motus,
1546 3295 1708 3369 turbabit
1725 3310 1867 3369 motum

413 3410 524 3511 globi,
542 3414 724 3511 facietque
749 3431 791 3488 ut
816 3415 890 3514 poli
917 3419 996 3516 ejus
1023 3435 1146 3493 errent
1171 3445 1238 3515 per
1264 3417 1378 3514 ipsius
1399 3413 1639 3512 superficiem,
1660 3410 1869 3485 &circulos

413 3530 549 3604 circum
575 3555 616 3604 se
641 3548 894 3631 punctumque
919 3536 989 3609 sibi
1015 3534 1226 3632 oppositum
1253 3516 1433 3629 perpetuo
1454 3528 1672 3604 describant
1729 3527 1867 3625 Neque

414 3647 616 3747 corrigetur
641 3648 711 3722 ista
735 3651 945 3747 vagationis
970 3653 1179 3740 enormitas,
1207 3651 1276 3724 nisi
1303 3648 1460 3725 locando
1487 3662 1651 3722 montem
1677 3641 1778 3716 illum
1805 3643 1866 3717 vel

413 3765 451 3838 in
481 3764 568 3861 polo
597 3763 782 3854 alterutro,
801 3792 877 3863 quo
904 3768 940 3841 in
971 3794 1058 3842 casu
1091 3767 1173 3867 (per
1201 3765 1310 3842 corol.
1342 3765 1403 3864 21)
1433 3765 1520 3838 nodi
1558 3761 1755 3859 aquatoris
1782 3786 1865 3856 pro-

411 3883 645 3981 gredientur;
685 3882 744 3956 vel
786 3885 822 3956 in
872 3901 1069 3982 aequatore‚
1112 3909 1186 3981 qua
1223 3883 1365 3956 ratione
1406 3881 1487 3978 (per
1529 3878 1636 3953 corol.
1680 3876 1741 3975 20)
1780 3877 1868 3950 nodi

413 3998 689 4095 regredientur;
723 3999 783 4074 vel
811 4000 974 4098 denique
1003 4026 1051 4074 ex
1079 3998 1195 4073 altera
1223 4000 1304 4073 axis
1335 4014 1440 4094 parte
1469 3995 1645 4070 addendo
1674 3994 1867 4066 materiam

414 4138 559 4202 novam,
591 4141 666 4212 qua
695 4142 802 4191 mons
833 4119 928 4192 inter
958 4117 1183 4192 movendum
1210 4113 1372 4202 libretur,
1400 4113 1437 4187 81
1463 4113 1532 4186 hoc
1558 4125 1667 4208 pacto
1694 4109 1780 4182 nodi
1807 4108 1868 4181 vel

412 4232 704 4331 progredientur,
724 4233 783 4308 vel
811 4235 994 4322 recedent,
1013 4234 1167 4331 perinde
1193 4250 1235 4307 ut
1255 4257 1367 4306 ‘mons
1394 4230 1431 4304 81
1456 4229 1580 4304 haecce
1598 4251 1696 4300 nova
1714 4224 1868 4314 materia

412 4363 499 4425 sunt
516 4346 575 4422 vel
593 4349 681 4447 polo
698 4351 757 4425 vel
776 4352 955 4454 aequatori
973 4351 1174 4450 propiores
