4110 5782
287 428 359 516 482
739 421 806 479 DE
826 419 993 479 nuum
1007 418 1278 478 srerMArE

288 637 346 696 est
372 620 473 718 quod
496 634 651 693 cometae
677 641 807 692 omnes
836 616 873 689 in
902 612 1087 711 periheliis
1116 611 1178 686 vel
1202 612 1296 686 infra
1322 628 1514 688 saturnum
1542 614 1760 692 collocandi

288 741 363 813 sint
395 736 454 811 vel
490 763 563 811 non
594 734 706 833 longe
735 759 856 830 supra
931 732 1069 804 Errant
1099 730 1211 828 igitur
1240 746 1321 807 toto
1350 731 1453 821 coelo,
1484 734 1550 832 qui
1583 752 1761 811 cometas

290 857 327 929 in
354 855 543 953 regionem
571 853 727 925 fixarum
744 870 870 946 'prope
896 848 1097 947 ablegant:
1125 874 1200 944 qua
1224 866 1324 924 certe
1349 851 1493 926 ratione
1523 876 1604 926 non
1634 855 1761 953 magis

291 972 462 1046 illustrari
480 972 660 1044 deberent
678 995 700 1041 a
718 966 796 1041 sole
815 984 950 1053 nostro,
970 991 1082 1063 quam
1101 963 1270 1061 planetae,
1290 969 1352 1064 qui
1371 970 1430 1042 hic
1447 983 1543 1055 sunt,
1563 968 1760 1045 illustran-

290 1107 390 1165 tura
408 1087 521 1162 stellis
541 1088 631 1162 fixis

345 1206 441 1280 Haec
471 1204 743 1301 disputavimus
774 1227 847 1276 non
884 1201 1154 1275 considerando
1188 1202 1484 1277 obscurationem
1518 1219 1760 1278 cometarum

291 1350 359 1421 per
384 1323 525 1395 fumum
553 1320 654 1394 illum
690 1320 851 1392 maxime
877 1319 1068 1414 copiosum
1100 1318 1136 1391 dc
1162 1345 1336 1406 crassum,
1364 1345 1439 1416 quo
1468 1336 1583 1416 caput
1610 1321 1759 1393 circun-

291 1442 411 1528 datur,
430 1439 535 1535 quasi
553 1464 620 1533 per
638 1439 773 1511 nubem
797 1437 930 1510 obtuse
956 1460 1104 1530 semper
1128 1433 1264 1509 lucens.
1322 1436 1422 1509 Nam
1449 1451 1592 1532 quanto
1619 1437 1760 1510 obscu-

293 1558 368 1630 rius
386 1556 552 1629 redditur
568 1581 701 1651 corpus
719 1580 786 1651 per
803 1555 900 1628 hunc
926 1552 1078 1637 sumum,
1098 1570 1202 1626 tanto
1216 1555 1367 1650 propius
1385 1554 1433 1626 ad
1460 1553 1576 1627 solem
1597 1555 1761 1628 accedat

293 1699 445 1747 necesse
475 1689 541 1757 est,
570 1688 612 1745 ut
639 1673 745 1768 copia
772 1671 862 1744 lucis
891 1697 913 1743 a
939 1696 980 1744 se
1007 1670 1154 1744 reflexae
1183 1669 1351 1767 planetas
1379 1669 1581 1745 aemuletur.
1659 1672 1761 1746 Inde

292 1789 491 1864 verisimile
521 1791 562 1863 fit
590 1806 752 1863 cometas
783 1787 894 1887 longe
925 1788 1019 1860 insra
1048 1788 1232 1882 sphaeram
1263 1787 1403 1861 saturni
1433 1787 1676 1875 descendere,
1702 1790 1761 1863 uti

293 1934 341 1982 ex
359 1907 533 2005 parallaxi
558 1908 806 2003 probavimus.
864 1905 970 1979 Idem
997 1931 1220 2002 veroquam
1248 1905 1409 1978 maxime
1436 1904 1681 1980 confirmatur
1700 1931 1763 1995 ,ex

293 2026 428 2100 caudis.
487 2024 562 2098 Hae
589 2022 648 2099 vel
680 2049 727 2098 ex
754 2022 954 2096 reflexione
984 2020 1074 2093 fumi
1102 2022 1219 2117 sparsi
1245 2047 1312 2118 per
1337 2022 1476 2095 aethera
1501 2019 1563 2095 vel
1594 2046 1646 2094 ex
1672 2019 1763 2096 luce

293 2145 423 2240 capitis
441 2144 616 2218 oriuntur.
675 2143 799 2215 Priore
826 2165 913 2212 casu
941 2140 1141 2212 minuenda
1161 2155 1218 2214 est
1244 2139 1419 2213 distantia
1444 2154 1688 2225 cometarum,
1709 2165 1764 2214 ne

293 2260 417 2333 sumus
434 2285 457 2332 a
474 2260 595 2355 capite
614 2284 762 2354 semper
787 2272 888 2329 ortus
916 2281 983 2352 per
1009 2257 1128 2351 spatia
1152 2258 1260 2330 nimis
1286 2255 1410 2353 ampla
1435 2253 1642 2329 incredibili
1670 2282 1763 2331 cum

294 2375 490 2451 velocitate
521 2375 557 2448 &
588 2375 816 2470 expansione
851 2388 1086 2471 propagetur.
1160 2374 1204 2446 In
1235 2376 1438 2470 posteriore
1469 2373 1668 2447 referenda
1699 2391 1766 2449 est

294 2492 358 2568 lux
376 2496 496 2569 omnis
514 2511 590 2568 tam
618 2493 745 2567 caudae
773 2516 885 2588 quam
912 2489 1074 2586 capillitii
1102 2491 1150 2563 ad
1181 2491 1352 2564 nucleum
1380 2490 1518 2587 capitis.
1576 2491 1703 2590 Igitur
1730 2494 1766 2566 si

294 2612 544 2707 concipiamus
569 2609 690 2682 lucem
719 2609 813 2680 hanc
841 2632 990 2681 omnem
1021 2608 1238 2704 congregari
1270 2607 1307 2681 du
1338 2609 1432 2682 intra
1461 2609 1604 2681 discum
1635 2607 1764 2684 nuclei

295 2727 481 2813 coarctari,
501 2726 651 2799 nucleus
670 2723 729 2798 ille
749 2725 827 2821 jam
851 2739 960 2811 certe,
981 2723 1126 2819 quoties
1152 2723 1308 2796 caudam
1335 2725 1534 2797 maximam
1553 2723 1590 2796 8ι
1609 2723 1766 2825 fulgen-

296 2844 477 2916 tissimam
511 2843 655 2927 emittit,
685 2843 815 2939 jovem
851 2841 973 2936 ipsum
1016 2838 1214 2935 splendore
1248 2867 1316 2915 suo
1351 2840 1507 2915 multum
1550 2845 1763 2938 superabit

298 2963 447 3036 Minore
477 2961 589 3059 igitur
618 2986 702 3034 cum
729 2961 911 3032 diametro
941 2974 1144 3054 apparente
1179 2958 1262 3055 plus
1297 2958 1387 3034 lucis
1418 2961 1604 3052 emittens,
1636 2964 1765 3041 multo

296 3079 416 3176 magis
435 3076 675 3151 illustrabitur
692 3102 714 3148 a
731 3074 818 3161 sole,
839 3075 998 3171 ideoque
1021 3076 1091 3148 erit
1108 3075 1175 3150 soli
1195 3076 1310 3150 multo
1324 3078 1482 3174 propior.
1536 3078 1765 3173 Quinetiam

295 3196 417 3292 capita
434 3195 503 3266 sub
529 3191 606 3266 sole
624 3191 888 3275 delitescentia,
908 3192 944 3263 &
972 3192 1109 3265 caudas
1135 3219 1219 3266 cum
1246 3195 1426 3268 maximas
1453 3209 1532 3268 tum
1557 3194 1763 3296 fulgentis-

295 3312 408 3386 simas
435 3310 550 3382 instar
575 3309 734 3382 trabium
763 3307 959 3403 ignitarum
990 3332 1256 3405 nonnunquam
1288 3311 1501 3397 emittentia,
1528 3313 1667 3388 eodem
1699 3343 1761 3391 ar-

296 3444 475 3530 gumento
502 3427 595 3501 insra
612 3427 741 3500 orbem
768 3425 916 3498 veneris
943 3423 1111 3499 collocari
1138 3427 1285 3502 debent.
1343 3429 1444 3502 Nam
1470 3427 1534 3502 lux
1552 3428 1615 3503 illa
1632 3437 1766 3510 omnis

297 3549 328 3622 si
348 3548 384 3620 in
402 3544 546 3619 stellam
565 3543 782 3642 congregari
801 3559 1040 3639 supponatur,
1061 3544 1180 3639 ipsam
1198 3570 1373 3619 venerem
1392 3572 1439 3620 ne
1456 3547 1578 3620 dicam
1595 3575 1766 3628 veneres

297 3664 420 3762 plures
439 3664 653 3761 conjunctas
671 3660 896 3757 quandoque
914 3675 1113 3755 superaret

369 3782 474 3854 Idem
505 3780 666 3874 denique
697 3776 879 3876 colligitur
913 3804 960 3850 ex
994 3776 1075 3851 luce
1110 3778 1272 3873 capitum
1308 3796 1495 3855 crescente
1530 3781 1566 3854 in
1604 3807 1763 3862 recessu

298 3914 523 3973 cometarum
542 3923 564 3969 a
582 3913 678 3970 terra
704 3894 821 3969 solem
848 3919 987 3978 versus
1007 3920 1050 3967 ac
1075 3895 1313 3970 decrescente
1340 3899 1375 3970 in
1403 3924 1530 3973 eorum
1557 3925 1714 3976 recessu
1742 3931 1766 3978 a

298 4014 377 4089 sole
404 4040 535 4088 versus
562 4029 707 4087 terram.
762 4012 826 4085 Sic
856 4011 955 4082 enim
980 4027 1126 4085 cometa
1155 4016 1338 4107 posterior
1367 4017 1453 4089 anni
1491 4021 1581 4110 1665
1615 4018 1764 4116 (obser-

299 4144 413 4204 vante
443 4128 608 4227 Hevelrb)
637 4154 684 4201 ex
715 4152 789 4222 quo
817 4126 978 4221 conspici
1008 4128 1121 4221 coepit
1156 4130 1366 4205 remittebat
1393 4158 1541 4228 semper
1571 4132 1621 4207 de
1653 4155 1764 4212 motu

301 4275 369 4322 suo
387 4261 599 4343 apparente,
626 4247 784 4341 ideoque
802 4246 1031 4339 praeterierat
1060 4246 1284 4343 perigaeum;
1311 4247 1487 4343 splendor
1507 4274 1599 4322 vero
1626 4256 1767 4349 capitis

298 4364 535 4439 nihilominus
571 4361 689 4434 indies
724 4362 921 4447 crescebat,
958 4389 1076 4459 usque
1111 4363 1200 4436 dum
1241 4383 1387 4439 cometa
1420 4367 1531 4439 radiis
1574 4366 1769 4447 solaribus

297 4484 466 4559 obtectus
501 4481 611 4554 desiit
642 4505 829 4577 apparere.
902 4481 1060 4555 Cometa
1094 4483 1180 4555 anni
1222 4486 1314 4575 1683
1349 4482 1586 4580 (observante
1623 4490 1769 4565 eodem

296 4599 460 4696 Hevelrb)
487 4599 524 4671 in
555 4597 627 4670 fine
659 4598 795 4670 mensis
821 4597 912 4695 julii,
932 4599 994 4671 ubi
1022 4599 1180 4695 primum
1208 4615 1427 4695 conspectus
1458 4614 1524 4688 est,
1544 4600 1771 4681 tardissime

299 4715 526 4800 movebatur,
546 4713 687 4786 miuuta
711 4714 830 4809 prima
855 4739 905 4807 40
931 4713 990 4790 vel
1018 4738 1064 4808 45
1093 4715 1236 4789 circiter
1261 4715 1416 4812 singulis
1442 4715 1574 4789 diebus
1602 4717 1641 4790 in
1670 4724 1773 4801 orbe
