4088 5768
853 414 996 474 LIBER
1015 416 1199 477 PRIMUS.
1709 441 1756 512 45

300 609 424 685 vendo
442 624 611 706 tempore
637 609 770 706 quovis
796 609 981 698 describit,
1000 611 1145 686 medius
1170 628 1228 686 est
1254 610 1538 709 proportionalis
1564 612 1660 687 inter
1679 614 1756 688 dia-

300 741 457 801 metrum
493 725 625 813 circuli,
661 727 698 801 81
733 727 953 802 descensum
988 731 1152 827 corporis
1186 731 1319 804 eadem
1354 730 1442 804 data
1475 730 1513 802 vi
1548 731 1757 829 eodemque

299 858 466 941 tempore
484 843 653 918 cadendo
671 845 888 920 confectum.

928 1107 1124 1182 Scholz'um.

365 1301 485 1374 Casus
503 1299 682 1375 corollarii
700 1302 795 1375 sexti
813 1302 957 1378 obtinet
975 1304 1011 1377 in
1030 1305 1245 1402 corporibus
1268 1304 1492 1402 coelestibus
1509 1299 1570 1406 (ut
1586 1333 1753 1382 seorsum

297 1417 525 1518 collegerunt
541 1419 653 1493 etiam
677 1437 859 1495 nostrates
890 1422 1085 1513 Wrennus,
1104 1423 1275 1496 Hookius
1300 1422 1336 1496 8z
1361 1423 1556 1514 Halloeus)
1582 1423 1619 1497 &
1644 1450 1753 1521 prop-

297 1551 398 1610 terea
432 1561 517 1632 quae
547 1551 717 1633 spectant
747 1535 795 1610 ad
825 1539 903 1610 vim
929 1539 1169 1635 centripetam
1197 1539 1470 1613 decrescentem
1496 1538 1534 1612 in
1569 1538 1755 1636 duplicata

296 1652 437 1728 ratione
467 1654 725 1729 distantiarum
752 1679 776 1727 a
802 1655 946 1741 centris,
976 1654 1124 1729 decrevi
1154 1655 1271 1730 fusius
1298 1655 1336 1728 in
1370 1655 1614 1753 sequentibus
1641 1682 1753 1754 expo-

296 1796 394 1847 nere

362 1887 478 1962 Porro
508 1887 752 1985 praecedentis
780 1886 1042 1984 propositionis
1072 1886 1109 1961 8ι
1139 1886 1412 1963 corollariorum
1447 1888 1528 1986 ejus
1557 1887 1749 1982 benefici0,

294 2003 477 2103 colligitur
503 2005 616 2079 etiam
646 2003 838 2102 proportio
871 2004 929 2078 vis
955 2004 1170 2101 centripetae
1196 2005 1244 2078 ad
1271 2005 1347 2079 vim
1379 2004 1583 2102 quamlibet
1610 2022 1749 2098 notam,

293 2121 412 2218 qualis
430 2137 488 2196 est
504 2147 550 2196 ea
566 2122 770 2220 gravitatis.
844 2121 946 2194 Nam
972 2121 1004 2195 si
1030 2147 1165 2219 corpus
1186 2121 1224 2194 in
1243 2120 1376 2196 circulo
1394 2138 1502 2196 terrae
1520 2123 1751 2198 concentrico

292 2239 331 2312 vi
353 2239 547 2337 gravitatis
573 2264 651 2312 suae
679 2236 901 2326 revolvatur,
929 2237 1010 2342 haec
1033 2238 1199 2335 gravitas
1225 2253 1284 2311 est
1308 2237 1425 2334 ipsius
1450 2238 1508 2311 vis
1534 2239 1746 2336 centripeta.

296 2354 418 2428 Datur
450 2371 576 2428 autem
610 2381 658 2429 ex
692 2355 872 2430 descensu
906 2355 1078 2454 gravium
1113 2354 1150 2428 &
1184 2368 1331 2450 tempus
1366 2352 1605 2428 revolutionis
1630 2354 1748 2442 unius

294 2471 330 2545 8z
356 2497 463 2547 arcus
492 2472 581 2547 dato
611 2473 745 2570 quovis
776 2487 942 2570 tempore
973 2471 1188 2568 descriptus,
1216 2497 1283 2568 per
1312 2470 1421 2568 hujus
1451 2468 1560 2544 corol.
1593 2471 1640 2548 ix.
1697 2473 1749 2546 Et

293 2587 504 2686 hujusmodi
519 2589 831 2687 propositionibus
848 2590 1049 2688 Hugenz‘us
1062 2589 1098 2663 in
1117 2589 1253 2664 eximio
1270 2613 1339 2662 suo
1356 2600 1512 2660 tractatu
1530 2586 1573 2659 de
1587 2588 1747 2662 Horolo-

284 2705 350 2802 gz'o
378 2706 610 2781 Oscillatorz'o
632 2706 709 2781 vim
734 2706 928 2805 gravitatis
954 2731 1040 2780 cum
1066 2704 1338 2780 revolventium
1367 2702 1509 2776 viribus
1535 2704 1749 2803 centrisugis

293 2821 455 2898 contulit

361 2941 619 3015 Demonstrari
637 2943 749 3015 etiam
767 2957 924 3038 possunt
941 2941 1190 3038 praecedentia
1208 2941 1245 3013 in
1262 2939 1362 3013 hunc
1384 2939 1547 3012 modum.
1618 2939 1662 3012 ln
1680 2939 1746 3013 cir-

292 3054 374 3131 culo
409 3057 543 3153 quovis
577 3058 734 3132 describi
770 3055 996 3155 intelligatur
1037 3055 1266 3154 polygonum
1307 3053 1463 3128 laterum
1498 3068 1744 3151 quotcunque.

294 3173 347 3247 Et
380 3175 411 3247 si
442 3199 575 3270 corpus
606 3175 643 3247 in
673 3172 850 3273 polygoni
880 3171 1056 3248 lateribus
1090 3174 1179 3248 data
1208 3200 1293 3248 cum
1328 3171 1524 3247 velocitate
1559 3172 1748 3247 movendo

290 3290 338 3363 ad
365 3291 445 3388 ejus
471 3289 628 3390 angulos
653 3289 820 3390 singulos
846 3318 869 3366 a
894 3290 1030 3366 circulo
1056 3291 1287 3379 reflectatur;
1314 3290 1382 3376 viS,
1410 3314 1485 3386 qua
1509 3287 1665 3388 singulis
1691 3315 1746 3364 re·

291 3405 510 3481 flexionibus
545 3407 717 3505 impingit
751 3408 788 3482 in
823 3407 1006 3495 circulum,
1042 3408 1112 3482 erit
1154 3423 1195 3482 ut
1237 3411 1318 3506 ejus
1352 3405 1552 3482 velocitas:
1588 3408 1747 3505 ideoque

290 3548 436 3597 summa
457 3524 591 3598 virium
610 3525 647 3598 in
665 3525 754 3599 dato
780 3541 948 3623 tempore
973 3525 1043 3599 erit
1069 3540 1110 3599 ut
1135 3523 1311 3600 velocitas
1337 3522 1407 3612 illa,
1426 3522 1463 3597 &
1489 3548 1664 3597 numerus
1690 3549 1745 3597 re-

290 3639 491 3715 flexionum
517 3642 765 3739 conjunctim:
792 3641 863 3717 hoc
889 3659 946 3716 est
974 3641 1019 3743 (si
1046 3640 1275 3740 polygonum
1301 3641 1410 3716 detur
1435 3638 1572 3738 specie)
1600 3655 1642 3712 ut
1667 3636 1744 3713 lon-

291 3755 422 3854 gitudo
448 3758 537 3832 dato
564 3756 626 3832 illo
652 3775 820 3857 tempore
838 3760 1032 3858 descripta,
1052 3759 1089 3833 &
1114 3774 1222 3833 aucta
1247 3756 1308 3831 vel
1334 3757 1515 3830 diminuta
1541 3756 1578 3827 in
1605 3755 1747 3828 ratione

290 3872 530 3972 longitudinis
547 3875 723 3973 ejusdem·
733 3878 781 3951 ad
799 3875 921 3951 circuli
940 3875 1105 3974 praedicti
1124 3876 1267 3949 radium
1282 3904 1290 3963 ;
1318 3873 1355 3947 id
1381 3887 1508 3962 estut
1524 3871 1745 3967 quadratum

291 3988 531 4088 longitudinis
565 3990 660 4064 illius
694 3992 918 4091 applicatum
953 3993 1001 4066 ad
1037 3993 1204 4079 radium:
1249 3992 1416 4087 ideoque,
1450 3989 1482 4062 si
1518 3987 1745 4087 polygonum

291 4106 467 4182 lateribus
491 4109 632 4185 infinite
658 4110 848 4184 diminutis
866 4111 1049 4185 coincidat
1066 4136 1151 4183 cum
1168 4106 1311 4194 circulo,
1331 4123 1372 4180 ut
1397 4105 1618 4202 quadratum
1639 4130 1745 4178 arcus

291 4224 379 4298 dato
396 4240 564 4321 tempore
581 4225 755 4323 descripti
768 4227 992 4327 applicatum
1007 4227 1054 4301 ad
1069 4228 1222 4301 radium.
1271 4225 1367 4298 Haec
1381 4237 1438 4296 est
1454 4221 1512 4295 vis
1530 4221 1743 4320 centrifuga,

291 4364 365 4435 qua
394 4366 528 4438 corpus
558 4357 666 4440 urget
695 4344 893 4432 circulum;
924 4345 961 4419 &
986 4344 1072 4418 huic
1101 4340 1255 4442 aequalis
1285 4355 1343 4415 est
1368 4340 1427 4414 vis
1453 4339 1643 4428 contraria,
1671 4365 1745 4437 qua

291 4455 446 4531 circulus
463 4457 639 4535 continuo
656 4459 799 4558 repellit
817 4488 951 4561 corpus
968 4477 1135 4537 centrum
1154 4484 1294 4535 versus.
