4110 5782
1135 974 1195 1021 DE

603 1177 992 1284 -MUNDl
1060 1178 1693 1287 SVSTEMATE.

897 1449 1100 1533 LIBER
1135 1451 1425 1534 TERTIUS.

453 1852 545 2048 IN
579 1853 680 1926 libris
708 1854 1003 1950 praecedentibus
1029 1857 1209 1953 principia
1234 1855 1477 1952 philosophiae
1505 1857 1647 1943 tradidi,
1668 1881 1742 1930 non
1769 1871 1894 1929 tamen

556 1968 810 2067 philosophica
840 1973 907 2045 sed
939 1973 1198 2048 mathematica
1228 1989 1381 2059 tantum,
1413 1997 1461 2046 ex
1496 1973 1630 2068 quibus
1661 1970 1834 2045 videlicet
1858 1974 1912 2044 in·

441 2088 551 2161 rebus
585 2086 850 2184 philosophicis
885 2089 1065 2185 disputari
1100 2090 1227 2186 possit
1285 2090 1381 2162 Haec
1415 2105 1502 2163 sunt
1536 2103 1703 2162 motuum
1739 2089 1775 2161 &
1809 2089 1894 2161 viri-

440 2231 503 2278 um
532 2203 635 2303 leges
669 2205 706 2278 ἃ
736 2205 977 2292 conditiones,
1009 2233 1093 2304 quae
1129 2207 1176 2280 ad
1211 2205 1483 2303 philosophiam
1518 2205 1679 2278 maxime
1713 2219 1893 2300 spectant

443 2324 588 2396 Eadem
620 2338 754 2408 tamen,
787 2347 834 2396 ne
864 2322 1002 2396 sterilia
1036 2324 1241 2410 videantur,
1278 2321 1455 2396 illustravi
1490 2320 1637 2396 scholiis
1672 2321 1895 2418 quibusdam

440 2441 713 2537 philosophicis
733 2465 778 2513 ea
796 2454 955 2513 tractans
974 2466 1058 2536 quae
1075 2438 1263 2538 generalia
1280 2456 1374 2527 sunt,
1395 2440 1485 2513 &in
1510 2441 1643 2537 quibus
1661 2437 1896 2535 philosophia

442 2558 602 2630 maxime
635 2557 779 2629 sundari
815 2556 970 2643 videtur,
1002 2557 1055 2629 uti
1090 2582 1284 2653 corporum
1315 2557 1536 2630 densitatem
1572 2556 1608 2629 81
1638 2555 1894 2639 resistentiam,

441 2674 561 2768 spatia
595 2672 810 2767 corporibus
845 2698 973 2764 vacua,
1006 2688 1223 2769 motumque
1257 2672 1347 2746 lucis
1383 2673 1419 2746 δι
1454 2698 1636 2746 sonorum.
1715 2672 1896 2767 Superest

442 2806 483 2879 ut
510 2815 557 2863 ex
592 2790 724 2864 iisdem
755 2789 943 2884 principiis
977 2789 1176 2863 doceamus
1211 2790 1510 2863 constitutionem
1544 2788 1756 2885 systematis
1791 2812 1895 2859 mun·

443 2906 538 2979 dani.
623 2907 684 2979 De
714 2906 784 2979 hoc
815 2920 1035 3003 argumento
1061 2931 1340 3001 composueram
1366 2904 1499 2977 librum
1534 2905 1682 2978 tertium
1718 2904 1895 2977 methodo

443 3021 620 3119 populari,
640 3038 681 3095 ut
707 3048 729 3095 a
755 3021 920 3118 pluribus
946 3020 1136 3118 legeretur.
1190 3021 1268 3094 Sed
1295 3022 1428 3117 quihus
1454 3024 1633 3120 principia
1659 3023 1780 3119 posita
1805 3022 1894 3095 satis

443 3139 628 3213 intellecta
663 3164 736 3213 non
771 3138 915 3224 suerint,
948 3138 971 3209 ii
1005 3136 1082 3210 vim
1116 3139 1462 3234 consequentiarum
1496 3141 1647 3213 minime
1681 3140 1894 3236 percipient,

444 3283 565 3353 neque
584 3257 796 3354 praejudicia
813 3256 1011 3350 deponent,
1031 3254 1164 3349 quihus
1190 3280 1213 3326 a
1239 3255 1363 3330 multis
1389 3272 1487 3331 retro
1508 3259 1613 3330 annis
1632 3259 1894 3331 insueverunt:

444 3372 705 3469 &propterea
734 3398 780 3446 ne
809 3398 867 3445 res
896 3372 933 3444 in
964 3371 1234 3466 disputationes
1265 3375 1439 3461 trahatur,
1470 3401 1653 3448 summam
1684 3375 1765 3448 libri
1801 3374 1895 3447 illius

444 3490 614 3565 transtuli
634 3491 671 3562 in
689 3489 969 3586 propositiones,
989 3514 1091 3562 more
1118 3490 1387 3580 mathematico,
1406 3508 1448 3565 ut
1473 3493 1521 3565 ab
1548 3493 1591 3565 iis
1617 3491 1704 3565 solis
1726 3490 1898 3589 legantur

444 3610 506 3704 qui
535 3607 715 3704 principia
743 3608 844 3702 prius
872 3605 1087 3680 evolverint
1142 3607 1396 3681 Veruntamen
1424 3611 1598 3705 quoniam
1624 3609 1895 3705 propositiones

445 3726 494 3799 ibi
537 3750 650 3820 quam
694 3722 860 3819 plurimae
904 3738 1106 3812 occurrant,
1140 3749 1224 3819 quae
1259 3721 1456 3799 lectoribus
1491 3727 1602 3800 etiam
1637 3726 1896 3800 mathematice

444 3842 562 3915 doctis
581 3866 722 3914 moram
741 3841 891 3912 nimiam
914 3841 1061 3937 injicere
1087 3840 1241 3935 possint,
1260 3857 1386 3914 auctor
1411 3868 1493 3916 esse
1520 3841 1606 3916 nolo
1632 3858 1673 3916 ut
1698 3845 1895 3939 quisquam

444 3983 507 4031 eas
533 3983 664 4031 omnes
691 3954 860 4043 evolvat;
901 3956 1085 4029 suffecerit
1111 3957 1226 4051 siquis
1253 3957 1495 4045 definitiones
1527 3959 1630 4058 leges
1660 3976 1826 4033 motuum
1859 3962 1896 4032 δι

444 4076 628 4148 sectiones
647 4089 721 4147 tres
747 4075 888 4169 priores
914 4073 995 4146 libri
1021 4074 1128 4169 primi
1156 4073 1286 4147 sedulo
1312 4073 1419 4172 legat,
1439 4077 1524 4150 dein
1544 4093 1707 4149 transeat
1723 4078 1770 4149 ad
1798 4077 1895 4150 hunc
1937 4119 1941 4127 ·

445 4191 578 4265 librum
607 4193 654 4265 de
690 4192 817 4263 mundi
845 4205 1056 4286 systemate,
1089 4190 1125 4263 dt
1152 4189 1310 4286 reliquas
1337 4191 1510 4266 librorum
1538 4196 1699 4289 priorum
1727 4196 1894 4290 proposi-

446 4311 564 4382 tiones
584 4308 642 4381 hic
660 4308 789 4380 citatas
808 4333 874 4403 pro
893 4305 1009 4379 lubitu
1028 4306 1202 4379 consulat.
