4110 5782
125 468 200 535 ‚374
609 455 677 511 DE
697 455 803 514 ,11οῙ
802 455 835 514 l'
849 456 878 513 C
878 455 1102 515 ORPORL'J!

122 640 255 712 minuti
272 642 384 714 unius
400 646 553 717 secundi
571 650 773 742 percurrit;
799 649 958 743 ideoque
975 647 1103 743 pulsus
1128 671 1224 718 unus
1248 654 1407 736 occupat
1423 632 1597 731 spatium

122 759 264 854 pedum
280 761 556 835 Pan'siensium
572 766 680 860 quasi
705 766 799 844 rofi.
819 767 856 837 id
882 784 950 847 est,
967 765 1120 860 duplam
1144 763 1290 836 circiter
1313 751 1601 852 longitudinem

122 873 266 950 fismlae.
321 877 439 950 L'nde
468 880 657 953 versimile
686 899 745 954 est
774 883 877 978 quod
911 882 1125 955 latitudines
1151 877 1335 974 pulsuum.
1354 875 1392 944 in
1418 865 1600 942 omnium

121 1008 336 1086 apertarum
366 992 574 1068 fistularum
607 999 719 1082 sonis,
745 1015 942 1094 aequentur
969 997 1092 1094 duplis
1121 991 1418 1092 longitudinibus
1449 977 1598 1056 fistula-

125 1133 222 1180 rum.

195 1225 313 1298 Porro
328 1251 396 1297 cur
410 1228 493 1300 soni
511 1245 682 1302 cessante
699 1248 803 1303 motu
820 1233 986 1327 corporis
1001 1230 1125 1304 sonori
1142 1228 1268 1300 statim
1286 1234 1449 1305 cessant,
1468 1233 1605 1305 neque

122 1342 265 1414 diutius
280 1343 483 1415 audiuntur
500 1346 562 1417 ubi
580 1345 797 1444 longissime
812 1350 995 1421 distamus
1018 1373 1043 1419 a
1066 1344 1283 1440 corporibus
1299 1336 1459 1415 sonoris
1477 1350 1605 1425 quam

124 1483 212 1530 cum
243 1460 413 1553 proxime
442 1461 632 1539 absumus.
657 1481 761 1558 patet
785 1491 834 1537 er
859 1464 1051 1538 corollario
1076 1458 1341 1558 propositionis
1366 1472 1475 1524 xml
1512 1441 1606 1516 libn'

125 1573 247 1670 hujus
301 1575 382 1647 Sed
400 1575 437 1647 8:
453 1602 520 1649 cur
535 1581 618 1651 soni
646 1581 682 1652 in
709 1583 808 1654 tubis
833 1582 1167 1677 stentorophonicis
1193 1577 1305 1650 talde
1329 1584 1527 1668 augentur
1552 1586 1608 1633 rx

124 1689 248 1763 allatis
282 1693 472 1787 principiis
507 1695 744 1768 manifestum
778 1714 846 1770 est
927 1698 1056 1769 Motus
1088 1697 1188 1768 enim
1222 1692 1347 1766 omnis
1381 1685 1612 1777 reciprocus

124 1807 284 1904 singulis
313 1810 524 1881 recursibus
552 1836 577 1882 a
605 1838 718 1883 causa
745 1831 948 1909 generante
976 1815 1103 1909 augeri
1132 1811 1238 1884 solet
1308 1806 1442 1877 Motus
1469 1812 1614 1870 autem

124 1927 163 1999 in
194 1927 295 1998 tubis
327 1925 586 2000 drlatationem
620 1954 797 2001 sonorum
831 1931 1126 2025 impedientibus
1161 1927 1303 1999 tardius
1336 1916 1533 1992 amittitur
1570 1907 1619 1980 &-

124 2043 258 2117 lortius
275 2045 438 2129 recurrit,
458 2043 496 2116 8:
514 2061 714 2138 propterea
729 2071 753 2116 a
771 2063 874 2117 motu
892 2071 991 2117 novo
1007 2043 1163 2140 singulis
1180 2038 1392 2114 recursibus
1410 2034 1617 2126 impresso

127 2160 250 2258 magis
266 2176 436 2256 augetur.
510 2158 566 2230 Et
582 2159 664 2232 haec
680 2175 769 2231 sunt
786 2160 971 2254 praecipua
987 2159 1233 2253 phaenomena
1250 2174 1442 2227 sonorum

662 2437 918 2510 SECTlO
964 2437 1059 2508 lX.

570 2615 631 2684 De
645 2624 745 2686 motu
760 2616 938 2687 circulari
938 2615 1159 2710 fluidorum.

623 2867 1109 2942 HYPOTHESIS.

126 3047 403 3133 Rcszktcntiam,
421 3070 505 3140 quoe
528 3045 660 3115 oritur
672 3071 716 3115 cr
734 3045 870 3138 dcfntzc
895 3047 1114 3117 lubricitatis
1129 3047 1305 3140 partium
1308 3040 1453 3138 fluidi,
1473 3035 1640 3108 coetcris

170 3179 345 3276 paribus,
355 3176 676 3271 proportiormlcm
700 3201 769 3247 csse
793 3177 979 3263 velocitati,
997 3203 1069 3270 qna
1086 3187 1216 3270 partes
1227 3175 1356 3270 flutili
1373 3178 1643 3266 separantur

178 3312 226 3382 ab
243 3309 406 3381 invium.

268 3502 648 3578 PROPOSlTlO
685 3503 759 3573 Ll.
837 3503 1188 3576 THEOREMA
1227 3500 1476 3574 XXXIX.

127 3708 180 3778 Si
206 3702 404 3799 cylindrus
431 3697 573 3771 solutus
599 3695 746 3784 infinite
772 3697 901 3789 longus
929 3698 969 3767 in
990 3697 1116 3790 fluitlo
1145 3696 1334 3789 uniformi
1368 3696 1423 3770 ἃ
1465 3693 1652 3788 infinito

178 3839 279 3910 circa
314 3858 420 3904 axem
445 3829 630 3924 positione
660 3827 789 3896 datum
822 3826 1006 3916 uniformi
1035 3853 1116 3896 cnm
1154 3835 1254 3896 motu
1289 3827 1547 3912 mulcatur,
1595 3826 1656 3901 ὅ

179 3971 228 4040 ab
253 3966 373 4060 lmjus
399 3960 564 4054 impulsu
593 3959 667 4029 solo
694 3956 1004 4050 agaturflmilum
1027 3958 1066 4026 in
1096 3959 1224 4044 urhun,
1247 3967 1470 4050 perseueret
1502 3968 1658 4029 autem

167 4103 297 4199 fluidi
329 4111 428 4195 pars
475 4117 699 4187 unaqua’qne
739 4090 978 4183 uniformiter
1017 4093 1056 4161 in
1100 4102 1198 4162 motu
1240 4119 1333 4177 sno,·
1391 4096 1486 4167 dico
1539 4096 1666 4191 quod

182 4242 350 4326 tempora
375 4225 565 4322 pmbdica
591 4222 767 4315 partium
787 4220 911 4315 flm'di
939 4232 1028 4291 sunt
1060 4233 1102 4292 nt
1134 4224 1303 4315 pisorum
1337 4225 1567 4299 distantioe
1606 4231 1665 4301 ab

181 4387 253 4432 axe
267 4357 444 4452 cylindri.

204 4555 266 4625 Sit
286 4553 328 4621 A
342 4553 384 4620 F
388 4552 424 4620 L
445 4548 633 4641 cylindrus
659 4544 887 4615 uniformiter
911 4546 1004 4616 circa
1030 4572 1137 4618 atem
1155 4550 1190 4618 S
1206 4551 1242 4619 in
1270 4551 1409 4623 orbem
1443 4573 1594 4644 actus,
1623 4562 1672 4634 ἃ

136 4665 287 4740 circulis
305 4663 550 4734 concentricis
576 4661 615 4727 B
628 4659 664 4728 G
674 4658 732 4740 M,
755 4659 788 4728 C
794 4659 845 4726 H
850 4660 905 4739 N,
931 4660 973 4728 D
985 4661 1064 4742 10,
1088 4663 1129 4730 E
1139 4664 1243 4745 KP,
1263 4664 1333 4735 &c
1356 4667 1677 4768 distinguatur

138 4780 300 4853 fluidum
330 4777 365 4844 in
393 4774 502 4843 orbes
529 4770 748 4862 cylindricos
775 4771 983 4842 innumeros
1006 4777 1257 4848 concentricos
1275 4778 1433 4854 solidos
1454 4788 1676 4881 ejusdem
