4088 5768
810 460 952 518 LIBER
974 458 1223 518 SECUNDUS.
1677 489 1724 559 30
1726 489 1748 560 3

362 657 479 732 Corol
511 679 542 748 3.
575 654 677 727 Hinc
694 654 806 726 etiam
826 653 1021 727 innotescit
1038 649 1214 726 velocitas
1233 652 1269 724 in
1287 649 1377 726 locis
1403 655 1581 754 singulis:
1609 662 1749 756 quippe

291 800 376 872 quae
410 789 468 847 est
502 773 539 845 in
575 768 831 866 subduplicata
865 770 1007 843 ratione
1042 769 1271 855 resistentiae,
1308 769 1344 842 8z
1378 769 1459 866 ipso
1490 789 1613 847 motus
1644 776 1748 850 initio

289 906 459 988 aequatur
483 888 668 963 velocitati
695 886 857 983 corporis
885 887 921 959 in
948 885 1080 959 eadem
1107 883 1274 980 cycloide
1299 886 1380 960 sine
1406 889 1506 961 omni
1538 891 1748 965 resistentia

290 1006 499 1082 oscillantis.

358 1124 545 1197 Caeterum
580 1123 629 1195 ob
659 1118 845 1195 difficilem
876 1116 1054 1192 calculum
1081 1144 1156 1215 quo
1183 1118 1390 1193 resistentia
1416 1120 1452 1194 81
1478 1121 1655 1197 velocitas
1680 1150 1748 1220 per

289 1240 384 1312 hanc
401 1239 691 1334 propositionem
709 1237 943 1310 inveniendae
961 1250 1057 1323 sunt,
1072 1236 1194 1308 visum
1207 1250 1265 1309 est
1282 1238 1572 1332 propositionem
1590 1266 1746 1337 sequen-

290 1371 366 1428 tem
384 1356 616 1453 subjungere.

403 1715 775 1790 PROPOSlTlO
820 1713 972 1789 XXX.
1046 1713 1410 1789 THEOREMA
1457 1715 1630 1791 XXIV.

290 1916 338 1989 Si
352 1927 448 1989 rectu
464 1942 488 1989 a
502 1916 533 1988 B
550 1917 700 2014 equales
714 1916 765 1989 sit
779 1915 944 2011 cycloides
960 1915 1069 1987 arcui
1081 1940 1185 2010 quem
1209 1925 1338 2010 cerpus
1356 1916 1553 1990 oscillande
1568 1917 1743 2007 describit,

340 2052 390 2129 ὅς’
405 2049 459 2122 ad
469 2050 619 2146 singula
635 2050 712 2146 ejus
732 2057 874 2145 puncta
895 2048 933 2120 D
951 2048 1149 2143 erigantur
1167 2047 1430 2142 perpendicula
1449 2049 1486 2120 D
1505 2049 1557 2139 Κ,
1574 2074 1656 2145 quee
1669 2051 1747 2123 sint

338 2183 392 2256 ad
404 2184 666 2281 longitudinem
686 2182 847 2278 penduli
862 2191 906 2253 ut
922 2182 1125 2254 resistentie
1141 2181 1301 2276 corpms
1318 2181 1358 2253 in
1375 2207 1483 2254 arcus
1502 2183 1655 2277 punctis
1670 2208 1744 2256 cou-

338 2315 629 2412 respondentibus
644 2315 698 2388 ad
710 2317 785 2388 vim
795 2315 1024 2412 gravitatis:
1058 2313 1135 2387 dico
1150 2312 1250 2409 quod
1261 2312 1467 2409 dffrentiu
1496 2314 1598 2386 inter
1618 2339 1745 2387 arcum

337 2448 498 2522 descensu
516 2457 587 2521 toto
603 2447 820 2542 descinptum
836 2450 884 2526 ὃ
896 2473 1025 2520 arcum
1041 2471 1185 2519 ascensu
1199 2455 1270 2518 toto
1281 2445 1506 2542 subsequente
1515 2445 1743 2542 descriptum,

338 2583 503 2656 dueta'in
521 2607 675 2655 arcuum
692 2581 884 2655 eorundem
900 2581 1175 2666 semesumeuane,
1194 2579 1344 2675 equalis
1365 2580 1438 2652 erit
1460 2605 1555 2652 ureee
1572 2579 1603 2651 B
1620 2581 1657 2653 Κ
1673 2606 1697 2653 a
1721 2608 1746 2653 n

330 2714 599 2811 perpendiculis
615 2714 780 2788 omnibus
799 2716 836 2788 D
854 2715 891 2787 Κ
911 2725 1095 2811 occupate.

357 2944 579 3041 Exponatur
604 2944 702 3017 enim
721 2960 799 3017 tum
818 2942 992 3039 cycloidis
1019 2968 1134 3029 arcus,
1152 2942 1380 3018 oscillatione
1410 2943 1554 3042 integra
1584 2943 1744 3040 descrip-

292 3071 358 3146 tus,
383 3086 451 3156 per
480 3075 618 3133 rectam
646 3059 744 3133 illam
771 3061 841 3134 sibi
872 3057 1054 3157 aequalem
1084 3061 1166 3150 nB,
1195 3076 1273 3134 tum
1303 3086 1410 3134 arcus
1428 3061 1491 3156 qui
1521 3061 1744 3135 describere·

293 3176 401 3248 turin
419 3202 539 3250 vacuo
556 3202 623 3271 per
642 3174 911 3276 longitudinem
929 3178 970 3250 A
984 3177 1031 3251 B.
1088 3178 1277 3251 Bisecetur
1307 3177 1347 3248 A
1363 3177 1403 3248 Β
1433 3175 1469 3248 in
1501 3177 1539 3260 C,
1570 3175 1606 3249 82
1632 3202 1744 3272 punc-

293 3303 369 3363 tum
405 3293 440 3365 C
471 3294 750 3388 repraesentabit
785 3285 951 3367 infimum
986 3291 1161 3390 cycloidis
1196 3308 1383 3390 punctum,
1415 3291 1451 3365 81
1481 3292 1551 3366 erit
1588 3294 1623 3366 C
1628 3295 1671 3366 D
1704 3310 1745 3367 ut

300 4581 354 4653 vis
386 4609 408 4656 a
439 4589 622 4685 gravitate
655 4590 820 4677 oriunda,
856 4615 932 4686 qua
961 4614 1094 4685 corpus
1129 4588 1166 4661 in
1201 4588 1244 4659 D
1278 4586 1483 4661 secundum
1526 4597 1742 4683 tangentem

303 4695 464 4788 cycloidis
497 4722 657 4805 urgetur,
693 4731 850 4804 eamque
885 4706 1037 4779 habebit
1066 4705 1247 4779 rationem
1277 4703 1325 4776 ad
1356 4700 1627 4801 longitudinem
1653 4727 1741 4798 pen-

305 4805 372 4881 duli
388 4837 495 4908 quam
513 4821 626 4898 habet
642 4822 700 4896 vis
727 4823 763 4895 in
790 4824 833 4895 D
858 4821 905 4895 ad
931 4822 1008 4895 vim
1038 4820 1241 4920 gravitatis,
1298 4819 1520 4914 Exponatur
1548 4819 1660 4917 igitur
1684 4819 1743 4891 vis
