4110 5782
407 405 480 490 364
882 392 949 449 DE
969 392 1106 451 MOTU
1126 393 1381 452 CORPORUM
1499 430 1502 434 .

406 577 485 663 Vis,
521 599 595 671 qua
640 584 762 644 motus
802 594 909 665 aquae
944 567 1094 641 alternls
1130 569 1273 641 vicibus
1312 569 1537 643 acceleratur
1573 570 1609 642 81
1644 571 1860 655 retardatur,

405 708 463 767 est
503 713 677 763 excessus
712 685 887 781 ponderis
921 709 1030 780 aquae
1066 684 1101 755 in
1136 681 1313 758 alterutro
1350 712 1455 761 crure
1489 713 1601 783 supra
1642 688 1789 783 pondus
1825 690 1862 761 in

404 808 530 894 altero,
550 807 718 900 ideoque,
744 803 805 874 ubi
834 827 931 898 aqua
960 802 996 873 in
1025 826 1129 873 crure
1156 802 1204 873 K
1210 803 1246 874 L
1274 804 1442 877 ascendit
1468 804 1517 875 ad
1535 804 1576 875 E
1584 804 1628 888 F,
1648 802 1684 875 82
1702 804 1740 876 in
1758 828 1863 876 crure

404 925 520 999 altero
538 921 731 995 descendit
747 920 795 991 ad
817 920 907 1004 GH,
926 918 984 989 vis
1003 916 1062 990 illa
1081 933 1138 990 est
1155 918 1301 1012 pondus
1319 918 1546 1016 duplicatum
1568 946 1675 1016 aquae
1693 922 1773 992 EA
1778 921 1862 1020 BF,

407 1041 443 1115 &
461 1053 657 1137 propterea
675 1053 732 1109 est
744 1036 792 1108 ad
813 1035 960 1130 pondus
978 1043 1085 1129 aquae
1104 1035 1216 1107 totius
1230 1051 1272 1107 ut
1296 1037 1337 1108 A
1351 1039 1393 1109 E
1417 1063 1483 1111 seu
1509 1039 1596 1127 PQ
1615 1039 1662 1110 ad
1699 1039 1736 1110 V
1741 1039 1779 1110 P
1796 1063 1863 1110 seu

407 2558 502 2632 PR.
562 2556 631 2628 Vis
659 2554 781 2640 etiam,
814 2578 889 2649 qua
917 2551 1065 2647 pondus
1095 2553 1133 2624 P
1162 2552 1199 2624 in
1230 2548 1312 2624 loco
1343 2551 1476 2646 quovis
1509 2553 1542 2642 Q
1573 2550 1798 2626 acceleratur
1828 2552 1864 2626 8t

410 2673 618 2746 retardatur
659 2671 694 2742 in
730 2668 895 2765 cycloide
931 2667 1013 2763 (per
1030 2665 1150 2740 corol.
1188 2691 1291 2761 prop.
1330 2665 1382 2763 LI)
1415 2683 1473 2740 est
1506 2668 1553 2741 ad
1589 2669 1668 2766 ejus
1714 2670 1863 2765 pondus

408 2803 538 2873 totum,
558 2802 599 2858 ut
619 2786 700 2882 ejus
728 2785 904 2857 distantia
931 2785 1015 2874 PQ
1044 2811 1067 2857 a
1094 2781 1175 2858 loco
1201 2783 1329 2856 infimo
1355 2784 1394 2855 P
1420 2786 1468 2857 ad
1501 2785 1676 2882 cycloidis
1704 2784 1863 2885 longitu-

408 2902 534 2976 dinem
564 2902 661 2973 PR.
734 2899 862 2992 Quare
897 2924 1004 2995 aquae
1040 2899 1077 2972 &
1111 2898 1272 2995 penduli,
1303 2899 1459 2994 aequalia
1493 2903 1613 2996 spatia
1642 2902 1683 2974 A
1700 2904 1749 2989 E,
1777 2903 1864 2992 PQ

409 3016 705 3103 describentium,
737 3015 835 3088 vires
864 3014 1037 3088 motrices
1065 3032 1152 3088 sunt
1182 3031 1224 3087 ut
1250 3015 1417 3110 pondera
1445 3019 1632 3090 movenda
1645 3045 1656 3106 ;
1694 3018 1863 3114 ideoque,

408 3135 440 3207 si
475 3159 572 3230 aqua
608 3133 643 3205 82
678 3128 881 3227 pendulum
914 3132 949 3204 in
981 3131 1160 3229 principio
1195 3133 1399 3228 quiescunt,
1428 3134 1526 3207 vires
1561 3132 1632 3208 illae
1661 3138 1865 3209 movebunt

409 3251 541 3325 eadem
560 3249 752 3345 aequaliter
769 3250 997 3342 temporibus
1015 3248 1229 3345 aequalibus,
1247 3250 1481 3346 efficientque
1499 3267 1539 3324 ut
1557 3269 1659 3326 motu
1678 3255 1865 3350 reciproco

410 3368 519 3442 simul
538 3382 625 3440 eant
643 3366 680 3439 &
697 3366 861 3439 redeant.
917 3367 1015 3456 QAE.
1024 3368 1074 3439 D.

480 3484 599 3557 Corol.
634 3508 662 3556 1.
699 3483 818 3580 Igitur
844 3507 953 3578 aquae
982 3481 1216 3555 ascendentis
1252 3483 1288 3555 &
1323 3484 1591 3571 descendentis,
1627 3487 1707 3559 sive
1742 3501 1865 3559 motus

411 3601 589 3675 intensior
605 3598 654 3672 sit
670 3599 750 3671 sive
768 3598 962 3684 remissior,
981 3601 1082 3672 vices
1096 3625 1227 3672 omnes
1244 3616 1330 3672 sunt
1349 3600 1561 3674 isochronae.

481 3719 598 3790 Corol.
622 3740 653 3788 2.
682 3714 725 3787 Si
739 3712 933 3812 longitudo
947 3742 1055 3812 aquae
1070 3717 1182 3789 totius
1197 3717 1234 3788 in
1249 3715 1364 3788 canali
1379 3718 1427 3789 sit
1440 3719 1576 3811 pedum
1595 3719 1866 3792 Parziz'ensium

412 3835 483 3913 dl:
527 3859 625 3929 aqua
660 3848 827 3926 tempore
862 3833 994 3906 minuti
1030 3833 1138 3904 unius
1181 3834 1333 3905 secundi
1377 3833 1598 3923 descendet,
1627 3834 1662 3906 dr
1699 3851 1866 3930 tempore

411 3952 545 4025 minuti
568 3949 718 4022 alterius
743 3948 895 4020 secundi
919 3950 1116 4034 ascendet;
1144 3948 1179 4021 ἃ
1208 3950 1259 4021 sic
1281 3947 1458 4045 deinceps
1486 3951 1628 4022 vicibus
1652 3949 1802 4023 alternis
1829 3951 1866 4023 in

411 4069 604 4163 infinitum.
661 4066 762 4138 Nam
785 4064 988 4159 pendulum
1016 4065 1153 4160 pedum
1183 4064 1246 4157 31¹5
1272 4063 1512 4162 longitudinis
1541 4083 1709 4163 tempore
1735 4067 1866 4139 minuti

410 4186 519 4260 unius
538 4184 691 4258 secundi
711 4180 907 4255 oscillatur.

481 4304 599 4377 Corol.
622 4326 653 4395 3.
675 4300 807 4383 Aucta
824 4314 948 4371 autem
970 4297 1029 4370 vel
1048 4298 1230 4370 diminuta
1248 4296 1479 4396 longitudine
1496 4324 1613 4394 aquae,
1632 4312 1789 4396 augetur
1806 4298 1865 4372 vel

412 4420 628 4492 diminuitur
646 4434 792 4511 tempus
810 4414 1107 4529 reciprocationis
1125 4415 1162 4486 in
1181 4413 1422 4512 longitudinis
1440 4415 1582 4488 ratione
1599 4414 1865 4509 subduplicata.
