4088 5768
734 399 875 458 LIBER
900 400 1099 460 TERTIUS.

363 765 367 772 .
428 707 800 781 PROPOSITIO
847 709 891 780 V.
950 708 1306 783 THEOREMA
1354 712 1398 784 V.

184 893 361 964 Planctus
377 888 661 985 cz‘rcumjooz'ales
673 888 871 985 gravr‘lore
895 888 935 961 in
951 889 1085 984 jovem,
1104 890 1427 965 circumsulurmos
1452 893 1493 964 in
1518 903 1639 967 sotur-

235 1051 334 1111 num,
382 1026 430 1103 ὅ
462 1024 732 1097 cz'rcumsolares
767 1024 807 1096 in
849 1024 965 1110 solem,
1003 1025 1051 1102 ὅ
1085 1024 1125 1097 vi
1157 1024 1361 1120 gravitatis
1393 1051 1469 1098 soce
1501 1029 1646 1102 retrahi

233 1167 370 1253 semper
384 1183 409 1229 o
427 1157 579 1230 motibus
597 1156 797 1244 rectilz'neis,
819 1159 867 1236 ὅτ
884 1158 925 1230 in
941 1158 1085 1232 orbibus
1101 1156 1313 1231 curoz'lr'nu‘s
1330 1159 1492 1232 rrlz'ncrz'.

254 1371 356 1443 Nam
390 1368 639 1443 revolutiones
671 1370 903 1466 planetarum
931 1370 1256 1469 circumjovialium
1285 1372 1382 1444 circa
1406 1373 1545 1470 jovem,
1575 1375 1641 1448 cir-

185 1487 518 1562 cumsaturniorum
544 1487 639 1561 circa
665 1502 865 1573 saturnum,
894 1486 930 1559 81
957 1487 1124 1561 mercurii
1155 1514 1198 1562 ac
1224 1490 1372 1563 veneris
1403 1488 1641 1588 reliquorum-

73 1620 75 1625 ·
186 1630 259 1701 que
290 1593 601 1679 circumsolarium
636 1602 730 1677 circa
760 1602 876 1676 solem
906 1618 993 1676 sunt
1022 1603 1269 1700 phaenomena
1299 1606 1467 1703 ejusdem
1495 1609 1642 1706 generis

187 1745 272 1792 cum
302 1719 533 1793 revolutione
563 1718 660 1793 lunae
692 1720 787 1794 circa
815 1735 971 1805 terram;
1009 1718 1269 1817 &propterea
1302 1721 1384 1818 (per
1417 1749 1491 1821 reg.
1530 1724 1588 1823 11)
1620 1751 1644 1798 a

187 1837 307 1911 causis
325 1836 492 1935 ejusdem
508 1837 656 1934 generis
674 1835 914 1932 dependent:
941 1836 1145 1931 praesertim
1164 1862 1247 1908 cum
1275 1839 1570 1912 demonstratum
1595 1842 1644 1913 sit

188 1953 289 2052 quod
317 1954 424 2038 vireS,
453 1979 474 2025 a
502 1953 636 2050 quibus
665 1950 914 2026 revolutiones
943 1951 1013 2025 illae
1041 1952 1265 2048 dependent,
1293 1955 1491 2051 respiciant
1518 1972 1645 2029 centra

181 2072 293 2171 jovis,
312 2070 453 2143 saturni
470 2096 513 2143 ac
531 2068 628 2155 solis
648 2069 684 2142 81
710 2068 918 2143 recedendo
945 2094 968 2141 a
989 2069 1090 2165 jove,
1109 2085 1260 2142 saturno
1279 2069 1411 2145 &sole
1429 2072 1644 2146 decrescant

187 2188 319 2263 eadem
354 2187 497 2260 ratione
530 2212 574 2259 ac
608 2184 700 2284 lege,
732 2212 807 2283 qua
840 2186 898 2259 vis
932 2185 1124 2284 gravitatis
1159 2185 1339 2259 decrescit
1373 2188 1409 2260 in
1445 2213 1590 2261 recessu
1621 2214 1644 2261 a

189 2323 295 2380 terra.

242 2422 359 2496 Corol.
386 2447 413 2495 1.
444 2421 619 2494 Gravitas
638 2421 749 2518 igitur
766 2404 875 2490 datur
893 2418 929 2490 in
948 2416 1116 2514 planetas
1144 2420 1347 2494 universos.
1405 2421 1506 2493 Nam
1532 2446 1642 2495 vene-

190 2566 277 2625 rem,
323 2539 553 2624 mercurium,
589 2553 817 2631 caeterosque
851 2561 934 2607 esse
969 2558 1125 2630 corpora
1167 2536 1334 2633 ejusdem
1377 2536 1525 2634 generis
1560 2562 1644 2610 cum

184 2659 275 2756 jove
302 2655 339 2729 8t
367 2671 518 2729 saturno
545 2680 655 2728 nemo
679 2654 833 2726 dubitat
891 2653 943 2726 Et
970 2679 1053 2726 cum
1082 2654 1251 2726 attractio
1277 2655 1398 2727 omnis
1426 2679 1495 2749 per
1521 2669 1644 2727 motus

189 2772 311 2872 legem
342 2773 486 2845 tertiam
518 2788 645 2845 mutua
673 2772 730 2858 sit,
744 2770 884 2868 jupiter
911 2769 958 2842 in'
976 2768 1152 2843 satellites
1183 2796 1271 2844 suos
1301 2795 1441 2856 omnes
1472 2786 1645 2844 saturnus

189 2891 225 2962 in
252 2914 349 2976 suos
368 2904 538 2985 terraque
566 2889 601 2961 in
630 2887 764 2975 lunam,
784 2887 821 2961 8t
850 2885 905 2961 sol
934 2888 970 2960 in
996 2886 1165 2983 planetas
1182 2913 1313 2962 omnes
1342 2887 1535 2984 primarios
1562 2915 1645 2987 gra-

189 3008 330 3080 vitabit.

259 3130 376 3202 Corol.
409 3152 439 3200 2.
470 3127 712 3210 Gravitatem,
733 3150 818 3222 quae
845 3123 1030 3220 planetam
1058 3150 1361 3222 unumquemque
1388 3124 1544 3220 respicit,
1564 3150 1646 3200 esse

191 3247 375 3342 reciproce
392 3259 434 3316 ut
451 3243 672 3340 quadratum
689 3241 875 3314 distantiae
893 3240 1058 3314 locorum
1076 3241 1124 3314 ab
1143 3243 1257 3338 ipsius
1275 3255 1412 3314 centro.

261 3363 378 3436 Corol.
402 3385 431 3453 3.
461 3362 607 3434 Graves
637 3374 724 3431 sunt
749 3356 908 3454 planetae
934 3383 1064 3431 omnes
1096 3359 1132 3429 in
1163 3385 1204 3432 se
1235 3373 1364 3430 mutuo
1391 3383 1459 3453 per
1484 3355 1593 3433 corol.
1627 3384 1640 3432 1

192 3482 279 3556 812.
335 3480 388 3552 Et
415 3478 499 3551 hinc
521 3476 723 3576 jupiter&
752 3492 923 3548 saturnus
949 3502 1065 3572 prope
1094 3475 1390 3571 conjunctionem
1417 3498 1458 3545 se
1487 3473 1644 3547 invicem

191 3596 411 3672 attrahendo
443 3593 663 3668 sensibiliter
681 3593 899 3688 perturbant
917 3607 1039 3665 motus
1057 3607 1214 3674 mutuos,
1233 3587 1288 3662 sol
1315 3589 1506 3684 perturbat
1523 3605 1646 3662 motus

192 3714 347 3799 lunares
383 3711 439 3785 sol
474 3711 510 3784 81
544 3711 630 3784 luna
665 3710 882 3806 perturbant
916 3734 1017 3781 mare
1053 3722 1227 3790 nostrum,
1260 3719 1301 3776 ut
1336 3704 1371 3775 in
1403 3706 1645 3801 sequentibus

194 3831 444 3928 explicabitur.

819 4019 1014 4092 Sclzolz'rmr.

262 4207 457 4280 Hactenus
470 4204 546 4276 vim
566 4202 664 4277 illam
683 4226 757 4297 qua
774 4224 927 4295 corpora
944 4196 1109 4271 coelestia
1129 4198 1164 4270 in
1182 4197 1332 4272 orbibus
1350 4197 1426 4270 suis
1445 4198 1647 4272 retinentur

194 4325 434 4420 centripetam
457 4319 734 4418 appellavimus.
790 4317 963 4390 Eandem
985 4317 1064 4413 jam
1087 4317 1308 4413 gravitatem
1337 4340 1420 4388 esse
1437 4330 1590 4401 constat,
1610 4316 1646 4390 81

195 4457 391 4538 propterea
418 4439 638 4536 gravitatem
667 4437 702 4509 in
730 4448 919 4529 posterum
947 4431 1170 4506 vocabimus.
1228 4430 1328 4504 Nam
1347 4456 1457 4503 causa
1474 4431 1531 4503 vis
1552 4430 1646 4505 illius
1685 4479 1687 4482 <

195 4543 419 4651 centripetae‚
456 4579 528 4649 qua
562 4553 648 4625 luna
684 4551 861 4624 retinetur
895 4551 931 4622 in
967 4546 1065 4632 orbe,
1102 4548 1252 4621 extendi
1288 4547 1400 4620 debet
1435 4547 1482 4619 ad
1517 4573 1646 4623 omnes

196 4675 362 4767 planetas
382 4696 448 4765 per
465 4697 537 4767 reg.
561 4695 582 4754 1,
602 4695 639 4755 11,
660 4669 695 4742 u
715 4691 759 4739 iv.
