4110 5782
694 479 834 537 LIBER
855 478 1104 538 SECUNDUS.
1554 499 1624 570 373

241 675 427 748 Caeterum
447 675 482 745 in
502 674 571 746 hoc
598 688 772 768 computo
799 670 898 745 nulla
924 672 1081 744 habetur
1107 671 1199 744 ratio
1225 671 1476 744 crassitudinis
1494 672 1626 747 solida-

175 817 256 863 rum
300 788 558 886 particularum
602 789 707 871 aeris,
751 813 819 883 per
853 813 964 883 quam
1000 813 1112 860 sonus
1158 788 1284 883 utique
1327 804 1556 886 propagatur
1590 789 1626 862 in

174 909 334 980 instanti.
390 909 486 980 Cum
505 906 650 1002 pondus
668 905 762 977 acris
781 905 829 976 sit
846 905 893 975 ad
914 904 1062 999 pondus
1080 929 1188 999 aquae
1207 921 1247 977 ut
1271 930 1282 976 1
1306 905 1354 978 ad
1374 910 1457 998 870,
1478 905 1627 980 &sales

174 1023 248 1095 sint
281 1023 358 1096 fere
388 1022 502 1118 duplo
528 1022 718 1094 densiores
745 1046 856 1116 quam
884 1046 1000 1116 aqua;
1040 1021 1070 1092 si
1102 1020 1289 1116 particulae
1319 1022 1414 1094 aeris
1445 1038 1631 1117 ponantur

173 1164 256 1211 esse
276 1140 443 1235 ejusdem
470 1139 612 1211 circiter
637 1136 829 1209 densitatis
856 1161 939 1207 cum
965 1135 1151 1231 particulis
1179 1136 1237 1210 vel
1265 1162 1372 1232 aquae
1399 1136 1458 1209 vel
1485 1135 1626 1225 salium,

174 1254 211 1326 &
237 1255 366 1326 raritas
392 1254 487 1326 aeris
518 1255 657 1327 oriatur
686 1254 733 1325 ab
765 1250 965 1326 intervallis
992 1251 1275 1347 particularum:
1311 1253 1492 1326 diameter
1516 1255 1628 1349 parti-

173 1368 265 1443 culae
296 1370 390 1443 aeris
421 1371 491 1442 erit
519 1369 567 1440 ad
599 1369 830 1443 intervallum
858 1371 953 1442 inter
977 1385 1103 1442 centra
1132 1368 1400 1465 particularum,
1420 1386 1461 1443 ut
1493 1397 1504 1443 1
1537 1373 1627 1465 ado

172 1484 232 1558 vel
265 1510 308 1558 10
335 1486 486 1567 circiter,
518 1484 554 1556 &
584 1486 632 1557 ad
664 1482 896 1558 intervallum
930 1485 1023 1557 inter
1052 1482 1249 1580 particulas
1281 1502 1321 1558 ut
1353 1511 1365 1557 1
1397 1488 1445 1558 ad
1473 1487 1573 1561 8vel
1592 1513 1625 1580 9.

177 1608 337 1681 Proinde
355 1608 402 1679 ad
420 1607 536 1702 pedes
555 1626 638 1696 979,
658 1630 752 1700 quos
771 1629 884 1677 sonus
898 1618 1065 1699 tempore
1080 1603 1210 1675 minuti
1228 1604 1337 1676 unius
1355 1604 1507 1677 secundi
1520 1606 1629 1702 juxta

174 1724 353 1798 calculum
372 1724 600 1818 superiorem
618 1721 795 1805 conficiet,
815 1719 953 1792 addere
979 1719 1063 1792 licet
1086 1719 1203 1815 pedes
1224 1719 1277 1796 Ψ
1299 1747 1363 1794 seu
1389 1744 1456 1812 109
1475 1721 1627 1811 circiter,

174 1843 224 1915 ob
254 1840 534 1914 crassitudinem
562 1834 822 1933 particularum
847 1837 965 1908 ac'ris:
1010 1835 1046 1908 81
1077 1837 1129 1908 sic
1157 1862 1271 1909 sonus
1302 1852 1468 1933 tempore
1499 1838 1630 1911 minuti

175 1958 283 2030 unius
301 1957 453 2030 secundi
472 1954 642 2029 conficiet
660 1954 775 2049 pedes
800 1956 892 2027 1088
912 1954 1062 2026 circiter.

246 2076 319 2149 His
337 2076 435 2148 adde
453 2073 555 2170 quod
574 2097 731 2167 vapores
759 2072 795 2143 in
822 2084 907 2144 acre
933 2070 1099 2157 latentes,
1118 2097 1202 2144 cum
1220 2073 1295 2143 sint
1317 2070 1467 2144 alterius
1485 2071 1631 2145 elateris

177 2193 213 2266 &
247 2192 396 2265 alterius
427 2191 514 2274 toni,
547 2190 610 2261 vix
645 2204 708 2260 aut
744 2213 791 2260 ne
825 2188 889 2259 vix
923 2187 1074 2283 quidem
1108 2188 1330 2284 participant
1364 2202 1505 2274 motum
1536 2188 1631 2261 atris

175 2312 253 2384 veri
285 2337 360 2407 quo
392 2311 472 2383 soni
504 2323 765 2404 propagantur.
840 2305 914 2377 His
944 2320 1067 2378 autem
1103 2307 1385 2402 quiescentibus
1418 2320 1540 2379 motus
1572 2304 1632 2379 ille

175 2426 329 2501 celerius
361 2426 627 2522 propagabitur
654 2449 720 2518 per
750 2420 869 2494 solum
897 2434 1021 2495 aerem
1051 2448 1191 2508 verum,
1223 2424 1335 2519 idque
1371 2424 1406 2495 in
1441 2421 1631 2519 subdupli-

176 2560 258 2617 cata
276 2545 418 2616 ratione
437 2543 587 2615 minoris
614 2539 787 2612 materiae.
846 2538 901 2611 Ut
927 2539 957 2611 si
984 2540 1232 2635 atmosphaera
1258 2554 1403 2612 constet
1428 2566 1476 2613 ex
1502 2540 1632 2614 decem

177 2663 344 2758 partibus
370 2662 465 2733 aeris
492 2661 569 2732 veri
598 2659 634 2731 &
664 2681 739 2729 una
769 2673 873 2752 parte
904 2682 1095 2753 vaporum,
1123 2672 1246 2730 motus
1274 2682 1448 2730 sonorum
1480 2655 1634 2731 celerior

176 2785 246 2857 erit
274 2785 309 2854 in
341 2780 597 2877 subduplicata
624 2778 766 2852 ratione
798 2801 835 2848 11
859 2778 906 2849 ad
940 2802 993 2866 10,
1015 2775 1073 2849 vel
1101 2777 1137 2848 in
1165 2777 1308 2874 integra
1331 2778 1474 2850 circiter
1490 2777 1632 2850 ratione

179 2924 219 2971 21
256 2900 304 2971 ad
339 2923 395 2983 20,
424 2923 536 2994 quarn
567 2896 598 2968 si
633 2911 900 2992 propagaretur
933 2920 1001 2990 per
1034 2894 1205 2967 undecim
1239 2911 1364 2990 partes
1398 2895 1494 2968 a'c'ris
1529 2895 1631 2968 veri:

175 3016 335 3111 ideoque
378 3031 499 3087 motus
543 3038 719 3086 sonorum
763 3038 875 3107 supra
918 3013 1100 3096 inventus
1145 3012 1338 3108 augendus
1381 3013 1450 3085 erit
1491 3013 1527 3084 in
1563 3013 1631 3085 hac

175 3135 326 3206 ratione.
382 3131 469 3224 Quo
495 3146 606 3226 pacto
632 3153 755 3214 sonus
776 3144 943 3224 tempore
970 3129 1099 3200 minuti
1132 3130 1239 3201 unius
1268 3130 1429 3216 secundi,
1461 3129 1631 3202 conficiet

176 3251 295 3346 pedes
319 3273 422 3339 1142.

248 3366 343 3438 Haec
363 3366 412 3437 ita
439 3390 479 3436 se
505 3365 642 3437 habere
668 3366 807 3437 debent
833 3379 1001 3460 tempore
1033 3389 1149 3437 verno
1181 3364 1217 3436 81
1245 3361 1457 3448 autumnali,
1477 3363 1538 3435 ubi
1570 3373 1634 3434 aer

174 3508 241 3579 per
258 3482 417 3555 calorem
436 3496 682 3578 temperatum
701 3483 905 3556 rarescit&
924 3485 1003 3580 ejus
1030 3484 1088 3556 vis
1114 3482 1264 3557 elastica
1290 3483 1454 3556 nonnihil
1475 3483 1631 3556 intendi·

176 3615 243 3675 tur.
312 3601 368 3673 At
397 3600 564 3696 hyberno
596 3616 773 3697 tempore,
802 3603 864 3674 ubi
891 3615 956 3675 ae'r
982 3628 1050 3697 per
1073 3602 1189 3699 srigus
1215 3602 1471 3686 condensatur,
1492 3603 1527 3675 &
1554 3605 1633 3700 ejus

176 3718 233 3788 vis
252 3715 402 3788 elastica
420 3718 624 3803 remittitur,
644 3735 766 3791 motus
792 3744 966 3791 sonorum
994 3719 1133 3792 tardior
1157 3745 1239 3791 esse
1257 3719 1370 3791 debet
1388 3721 1424 3792 in
1444 3718 1633 3816 subdupli-

177 3847 259 3903 cata
278 3833 418 3904 ratione
436 3834 649 3921 densitatis;
677 3835 713 3908 81
731 3833 892 3906 vicissim
911 3835 1042 3907 aestivo
1057 3850 1222 3930 tempore
1236 3835 1349 3907 debet
1366 3860 1449 3908 esse
1462 3835 1632 3910 velocior.

249 3949 407 4021 Constat
436 3963 560 4020 autem
588 3975 655 4044 per
679 3952 934 4046 experimenta
965 3951 1065 4045 quod
1085 3952 1165 4023 soni
1192 3967 1359 4048 tempore
1377 3952 1507 4025 minuti
1527 3954 1634 4027 unius

178 4065 331 4138 secundi
351 4064 474 4137 eundo
500 4065 700 4138 conficiunt
725 4069 841 4161 pedes
867 4067 1112 4139 Londinenses
1137 4066 1220 4163 plus
1247 4069 1368 4141 minus
1396 4094 1499 4160 1142,
1518 4071 1633 4143 Pari-

175 4183 302 4254 sicnsrs
330 4207 420 4253 vero
453 4204 555 4273 1070.

228 4298 392 4394 Cognita
409 4322 584 4370 sonorum
611 4299 807 4372 velocitate
833 4299 1068 4374 innotescunt
1094 4303 1205 4374 etiarn
1232 4301 1425 4375 intervalla
1450 4303 1633 4398 pulsuum.

180 4414 332 4486 Invenit
362 4415 490 4510 utique
520 4417 570 4488 l).
606 4417 785 4503 Sauveur,
813 4417 917 4490 lactis
952 4444 975 4490 a
1009 4445 1050 4491 se
1085 4420 1357 4515 experimentis,
1385 4420 1486 4515 quod
1514 4420 1636 4493 fistula

177 4546 316 4624 aperta,
336 4531 439 4626 cujus
458 4529 653 4627 longitudo
671 4549 727 4604 est
749 4532 887 4627 pedum
905 4534 1177 4607 Parisz'ensium
1203 4534 1285 4630 plus
1312 4536 1434 4608 minus
1460 4538 1635 4634 quinque,

177 4675 312 4722 sonum
342 4651 419 4723 edit
449 4651 616 4747 ejusdem
648 4655 725 4726 toni
761 4678 843 4725 cum
879 4678 972 4726 sono
1006 4655 1154 4728 chordae
1185 4682 1269 4753 quae
1302 4674 1468 4756 tempore
1504 4664 1634 4736 minuti

179 4767 287 4839 unius
330 4768 482 4839 secundi
518 4770 655 4842 centies
699 4770 859 4843 recurrit.
938 4770 1037 4843 Sunt
1071 4772 1183 4868 igitur
1215 4774 1344 4870 pulsus
1386 4776 1470 4873 plus
1513 4781 1634 4853 minus

178 4897 326 4955 centum
359 4885 395 4956 in
432 4886 553 4980 spatio
583 4886 720 4980 pedum
755 4886 1028 4961 Parisiensz'um
1068 4909 1170 4981 1070,
1189 4915 1283 4986 quos
1318 4918 1432 4966 sonus
1467 4910 1636 4991 tempore
