4110 5782
714 449 855 507 aman
875 450 1058 510 parares.
1548 465 1614 544 167

158 640 267 715 corol.
292 640 327 737 2)
358 639 554 714 resolvitur
580 641 615 713 in
636 642 732 714 vires
761 644 846 728 SD,
866 646 976 729 DT,
1003 646 1039 719 u
1057 648 1113 719 vis
1132 648 1166 719 S
1170 647 1203 719 L
1233 649 1269 720 in
1297 650 1394 722 vires
1414 653 1499 740 SD,
1519 657 1613 729 DL.

161 759 271 831 Vires
300 777 424 831 autem
456 759 558 842 ΒΤ,
588 761 689 843 DL,
719 786 804 855 qua:
831 780 916 833 sunt
944 781 984 834 ut
1012 765 1172 858 ipsarum
1200 792 1345 838 summa
1383 767 1421 838 T
1428 769 1474 854 L,
1504 786 1616 866 atque

158 873 243 948 ideo
261 891 301 947 ut
321 877 418 947 vires
437 873 707 949 acceleratrices
737 878 870 972 quibus
897 905 1051 974 corpora
1076 882 1113 952 T
1125 881 1213 954 &L
1243 908 1283 954 se
1311 899 1438 956 mutuo
1457 886 1615 973 trahunt,

158 994 296 1066 additae
315 993 371 1064 his
398 993 537 1064 viribus
565 1020 758 1090 corporum
794 995 879 1068 T&
897 997 943 1081 L,
959 1000 1059 1093 prior
1084 999 1193 1094 priori
1223 999 1259 1071 81
1284 1001 1468 1094 posterior
1493 1019 1616 1097 poste-

159 1111 255 1196 riori,
288 1127 515 1203 componunt
558 1111 656 1181 vires
698 1110 770 1182 dis·

159 1228 284 1299 tantiis
313 1227 410 1299 DT
434 1253 476 1298 ac
503 1227 589 1298 DL
618 1253 769 1322 propor-
850 1246 854 1315 ξ

159 1343 324 1426 tionales,
345 1360 384 1414 ut
407 1344 518 1438 priua,
538 1343 604 1415 sed
632 1345 770 1415 viribus
798 1321 936 1469 so-
952 1343 1139 1443 --07—

159 1461 341 1556 prioribus
378 1462 559 1558 majores;
613 1461 770 1557 ideoque
1057 1446 1119 1570 ‘NB

162 1579 243 1672 (per
290 1574 397 1649 corol.
446 1602 458 1649 1
507 1603 608 1672 prop.
654 1601 689 1663 Χ,
735 1579 770 1651 &
851 1573 855 1666 ξ

159 1693 266 1768 corol.
308 1720 318 1766 1
357 1695 392 1767 ἃ
425 1699 445 1766 8
475 1694 658 1794 prop.p1v)
692 1696 768 1768 effi-

159 1814 259 1884 ciunt
291 1828 331 1884 ut
356 1838 511 1906 corpora
542 1812 602 1884 ua
632 1814 767 1886 deseri·
859 1904 1138 1918 ,,,,,,,,,,,,,,,,,,,,,,,,,,,,,,,,,,,,,
1142 1797 1256 2111 χ
1261 1913 1545 1926 ,,,,,,,,,,,,,,,,,,,,,,,,,,,,,,,,,,
1549 1834 1608 1949 3,

128 1930 251 2032 'bant
293 1928 440 2025 ellipses
484 1946 525 2002 ut
558 1931 667 2024 prius,
704 1930 770 2003 sed
826 1906 853 1956 K

161 2065 261 2121 motu
274 2048 456 2121 celeriore.
504 2049 612 2122 Vires
625 2048 774 2145 reliquae

161 2164 433 2239 acceleratrices
452 2168 486 2237 S
496 2169 538 2239 l)
557 2167 592 2239 8ι
611 2168 702 2251 SD,
722 2166 927 2239 actionibus
955 2167 1166 2238 motricibus
1189 2168 1272 2240 SD
1285 2192 1309 2240 >c
1331 2169 1368 2240 T
1379 2168 1415 2241 81
1434 2170 1518 2242 SD
1531 2193 1554 2240 ><
1569 2170 1616 2252 L,

161 2308 245 2379 quae
273 2301 360 2356 sunt
389 2303 428 2356 ut
460 2310 622 2379 corpora,
643 2284 824 2356 trahendo
855 2308 1009 2378 corpora
1038 2281 1098 2354 illa
1124 2282 1316 2379 aequaliter
1345 2283 1380 2357 ἃ
1411 2285 1617 2357 secundum

160 2399 276 2473 lineas
302 2402 376 2484 TI,
396 2401 496 2485 LK,
517 2402 585 2497 ipsi
604 2402 690 2473 DS
717 2398 918 2495 parallelas
939 2399 988 2471 nil
1016 2416 1159 2473 mutant
1184 2401 1276 2473 situs
1302 2427 1430 2475 eorum
1457 2402 1504 2473 ad
1524 2403 1616 2473 invi·

162 2544 252 2602 cem,
271 2518 337 2590 sed
369 2517 508 2590 faciunt
538 2534 579 2590 ut
607 2519 687 2614 ipsa
715 2515 905 2613 aequaliter
928 2517 1105 2589 accedant
1133 2517 1180 2589 ad
1209 2517 1343 2590 lineam
1374 2520 1403 2590 l
1412 2519 1459 2590 K
1466 2549 1480 2602 ,·
1506 2544 1618 2614 quam

162 2637 311 2708 ductam
340 2637 493 2731 concipe
522 2661 589 2730 per
616 2637 779 2708 medium
811 2635 974 2729 corporis
1002 2635 1040 2719 S,
1061 2635 1097 2707 81
1127 2633 1234 2707 lineae
1262 2636 1349 2707 DS
1375 2637 1617 2730 perpendicu-

162 2751 285 2825 larem.
345 2753 572 2847 lmpedietur
602 2770 725 2824 autem
756 2752 824 2824 iste
852 2751 899 2822 ad
919 2749 1053 2822 lineam
1078 2751 1106 2821 l
1113 2751 1160 2822 K
1183 2776 1351 2823 accessus
1378 2750 1547 2825 faciendo
1578 2768 1619 2825 ut

162 2887 326 2965 systema
354 2895 548 2966 corporum
587 2870 624 2940 T
653 2870 689 2942 &
723 2870 758 2941 L
796 2894 843 2941 ex
874 2893 947 2939 una
982 2885 1095 2962 parte,
1128 2868 1165 2940 ἃ
1195 2894 1327 2964 corpus
1359 2871 1393 2942 S
1418 2896 1464 2942 ex
1492 2868 1617 2956 altera,

157 2988 267 3084 justis
292 3014 375 3059 cum
404 2985 670 3068 velocitatibuS,
688 3001 867 3082 gyrentur
890 2985 985 3055 circa
1008 3010 1204 3059 commune
1230 2987 1424 3083 gravitatis
1452 3005 1619 3060 centrum

166 3106 205 3177 C.
262 3103 345 3177 Tali
366 3122 467 3177 motu
486 3130 618 3199 corpus
637 3104 676 3186 S,
696 3128 741 3174 eo
763 3101 862 3196 quod
890 3126 1034 3172 summa
1062 3101 1193 3174 virium
1223 3104 1429 3176 motricium
1448 3104 1482 3176 S
1488 3105 1567 3176 ΗΧ
1588 3104 1627 3176 T

163 3222 199 3294 81
218 3223 252 3294 S
259 3223 301 3293 l)
314 3245 338 3293 >t
352 3223 399 3308 L,
420 3222 604 3293 distantia
627 3222 660 3292 C
670 3219 703 3290 S
719 3214 1055 3313 proportionalium,
1085 3220 1204 3291 tendit
1231 3246 1361 3292 versus
1389 3236 1554 3292 centrum
1576 3219 1618 3311 C,

162 3339 337 3412 describit
367 3339 510 3433 ellipsin
540 3340 635 3410 circa
667 3337 765 3409 idem
800 3337 834 3408 C
842 3366 855 3418 ,·
895 3335 931 3407 ἃ
962 3351 1139 3429 punctum
1166 3338 1216 3421 D,
1246 3338 1295 3410 ob
1323 3336 1618 3432 proportionales

165 3457 199 3528 C
208 3457 247 3545 S,
280 3457 313 3527 C
321 3457 370 3538 D,
399 3455 583 3526 describet
608 3452 751 3549 ellipsin
783 3451 1010 3525 consimilem
1041 3478 1063 3524 e
1092 3454 1254 3550 regione.
1309 3455 1476 3550 Corpora
1493 3473 1618 3529 autem

169 3573 207 3644 T
215 3572 251 3644 81
269 3574 316 3656 L,
337 3573 475 3643 viribus
494 3572 706 3643 motricibus
726 3572 809 3642 SD
822 3595 846 3643 χ
867 3570 952 3642 T&
972 3570 1055 3642 SD
1067 3594 1090 3641 ><
1105 3571 1152 3653 L,
1171 3571 1272 3664 prius
1290 3571 1420 3665 priore,
1436 3574 1619 3667 posterius

163 3690 374 3783 posteriore,
401 3687 591 3783 aequaliter
619 3687 655 3759 81
684 3687 886 3759 secundum
915 3685 1030 3758 lineas
1057 3684 1249 3781 parallelas
1285 3688 1355 3759 TI
1379 3686 1415 3759 &
1445 3688 1546 3774 LK,
1578 3706 1619 3763 ut

162 3806 301 3878 dictum
337 3822 403 3888 est,
440 3821 604 3887 attracta,
641 3819 797 3900 pergent
835 3802 916 3899 (per
950 3801 1074 3899 legum
1114 3802 1343 3877 corollarium
1375 3805 1545 3900 quintum
1581 3806 1618 3880 81

163 3921 324 4018 sextum)
346 3923 440 3994 circa
471 3936 636 3993 centrum
666 3920 801 3992 mobile
827 3921 869 3991 D
897 3918 1044 4015 ellipses
1075 3945 1161 3991 suas
1189 3919 1406 4005 describere,
1436 3937 1477 3994 ut
1507 3923 1617 4017 prius,

164 4041 208 4129 Q.
223 4040 272 4112 E.
286 4041 319 4112 l.

232 4158 408 4228 Addatur
420 4157 498 4253 jam
517 4181 649 4251 corpus
676 4169 847 4248 quartum
875 4153 918 4241 V,
938 4151 974 4224 81
1001 4151 1109 4224 simili
1137 4169 1356 4250 argumento
1382 4151 1620 4227 concludetur

163 4273 232 4346 hoc
262 4274 297 4346 &
328 4290 503 4369 punctum
543 4273 577 4343 C
610 4269 756 4365 ellipses
787 4270 882 4341 circa
911 4270 1075 4343 omnium
1106 4294 1302 4342 commune
1336 4286 1502 4342 centrum
1535 4297 1618 4369 gra-

163 4393 287 4465 vitatis
322 4393 361 4463 B
395 4391 625 4474 describere;
670 4387 903 4460 manentibus
939 4388 1099 4459 motibus
1135 4387 1296 4481 priorum
1332 4412 1525 4482 corporum
1576 4389 1618 4475 T,

162 4510 197 4581 L
220 4509 315 4581 &S
341 4509 435 4581 circa
463 4524 589 4580 centra
616 4507 658 4577 D
686 4504 721 4578 ἃ
753 4506 793 4591 C,
823 4505 890 4577 sed
919 4502 1139 4577 acceleratis.
1196 4504 1248 4577 Et
1278 4503 1410 4576 eadem
1439 4506 1619 4581 methodo

164 4653 318 4722 corpora
337 4626 440 4722 plura
459 4627 662 4722 adjungere
681 4622 811 4696 licebit.
868 4623 912 4710 Q.
925 4623 973 4694 E.
990 4623 1023 4694 J.

233 4745 331 4817 Haec
350 4746 400 4816 ita
419 4771 459 4817 se
490 4744 637 4826 habent,
657 4741 726 4812 etsi
753 4766 907 4836 corpora
931 4741 968 4812 T
981 4739 1017 4812 dt
1034 4741 1069 4812 L
1095 4736 1246 4811 trahunt
1271 4761 1312 4808 se
1330 4753 1460 4812 mutuo
1477 4738 1618 4812 viribus

163 4859 476 4934 acceleratricibus
496 4860 693 4957 majoribus
711 4856 770 4932 vel
790 4859 991 4932 minoribus
1010 4882 1122 4955 quam
1140 4855 1274 4953 quibus
1292 4854 1442 4930 trahunt
1465 4881 1619 4954 corpora
