4110 5782
679 409 820 467 arnan
841 407 1091 468 sacuvous.
1540 405 1585 494 38
1590 425 1610 493 3

155 610 202 682 tis
221 607 386 702 utrisque
410 629 521 700 quam
540 604 821 688 accuratissime,
840 618 1023 698 quatenus
1050 598 1329 673 observationes
1356 597 1612 669 astronomicae

154 727 333 799 hactenus
351 722 556 818 prodidere.
614 720 780 815 Ideoque
797 720 828 791 si
854 718 1015 815 planetae
1034 716 1083 789 illi
1108 741 1130 787 a
1147 714 1348 787 vorticibus
1366 714 1461 785 circa
1482 714 1612 810 jovem

158 840 328 916 &solem
355 837 631 912 revolventibus
650 835 870 920 deserantur,
891 835 1081 908 debebunt
1098 833 1210 905 etiam
1237 831 1274 902 hi
1301 830 1461 903 vortices
1479 830 1612 902 eadem

157 956 241 1055 lege
260 953 410 1028 revolvi.
466 954 607 1025 Verum
635 966 801 1046 tempora
828 951 1015 1046 periodica
1041 949 1200 1044 partium
1222 946 1371 1020 vorticis
1398 946 1615 1041 prodierunt

158 1077 194 1147 in
230 1074 372 1146 ratione
406 1071 593 1165 duplicata
626 1067 883 1140 distantiarum
918 1093 941 1139 a
974 1082 1102 1139 centro
1137 1081 1282 1137 motus:
1327 1089 1448 1158 neque
1491 1081 1615 1159 potest

158 1191 251 1263 ratio
287 1188 348 1260 illa
382 1186 536 1259 diminui
572 1184 608 1257 &
642 1184 690 1255 ad
730 1185 909 1257 rationem
944 1182 1242 1278 sesquiplicatam
1278 1180 1412 1267 reduci,
1450 1181 1518 1252 nisi
1554 1181 1613 1255 vel

158 1306 312 1378 materia
329 1304 479 1376 vorticis
505 1327 550 1374 eo
578 1300 723 1373 fluidior
749 1301 798 1372 sit
823 1325 898 1395 quo
924 1299 1070 1396 longius
1097 1299 1210 1371 distat
1232 1324 1255 1370 a
1283 1313 1420 1388 centro,
1439 1297 1499 1371 vel
1527 1300 1614 1372 resi-

159 1422 303 1506 stentia,
336 1445 420 1515 quae
451 1419 567 1491 oritur
596 1443 644 1490 ex
674 1416 819 1489 defectu
851 1415 1066 1488 lubricitatis
1096 1417 1254 1511 partium
1287 1415 1398 1501 fluidi,
1431 1441 1475 1488 ex
1509 1433 1616 1489 aucta

158 1537 354 1611 velocitate
372 1562 446 1631 qua
473 1552 595 1631 partes
618 1533 719 1604 lluidi
738 1549 955 1628 separantur
972 1533 1019 1604 ab
1038 1533 1206 1618 invicem,
1226 1549 1405 1630 augeatur
1432 1534 1467 1605 in
1487 1535 1615 1632 majori

160 1655 302 1726 ratione
337 1678 448 1747 quam
484 1678 529 1724 ea
563 1667 621 1723 est
656 1650 691 1720 in
727 1674 801 1744 qua
835 1646 1012 1721 velocitas
1047 1663 1213 1745 augetur.
1286 1649 1455 1741 Quorum
1491 1667 1615 1724 tamen

160 1785 331 1841 neutrum
359 1768 488 1840 rationi
516 1765 987 1839 consentaneumvidetur.
1054 1764 1182 1837 Partes
1208 1767 1405 1839 crassiores
1432 1766 1468 1840 &
1494 1769 1616 1841 minus

161 1885 293 1970 fluidae,
331 1885 400 1957 nisi
438 1909 572 1980 graves
607 1883 681 1954 sint
725 1883 760 1954 in
800 1897 976 1966 centrum,
1012 1881 1342 1955 circumferentiam
1386 1898 1535 1979 petent;
1581 1883 1617 1956 &

160 1999 358 2073 verisimile
376 2016 433 2072 est
451 1999 563 2095 quod,
583 1998 727 2071 etiamsi
746 1997 1102 2070 demonstrationum
1120 2001 1240 2096 gratia
1264 1999 1485 2095 hypothesin
1505 2000 1616 2073 talem

161 2118 264 2190 initio
278 2116 450 2189 sectionis
463 2116 570 2211 hujus
582 2115 847 2209 proposuerim,
860 2128 900 2185 ut
915 2115 1122 2188 resistentia
1135 2115 1320 2188 velocitati
1335 2117 1618 2212 proportionalis

161 2250 269 2319 esset,
289 2251 412 2305 tamen
441 2231 649 2304 resistentia
676 2231 711 2302 in
739 2230 870 2302 minori
897 2230 945 2301 sit
971 2231 1112 2303 ratione
1131 2257 1243 2327 quam
1264 2258 1310 2305 ea
1327 2232 1532 2327 velocitatis
1551 2249 1616 2308 est

162 2351 249 2443 Quo
280 2375 466 2437 concessu,
499 2365 666 2443 tempora
696 2345 883 2442 periodica
914 2347 1073 2440 partium
1103 2349 1252 2420 vorticis
1282 2364 1390 2422 erunt
1420 2350 1456 2421 in
1488 2351 1617 2448 majori

162 2494 273 2563 quam
309 2465 495 2562 duplicata
530 2465 670 2538 ratione
705 2462 961 2534 distantiarum
1001 2464 1049 2535 ab
1093 2464 1207 2559 ipsius
1239 2481 1375 2540 centro.
1435 2467 1548 2560 Quod
1587 2470 1618 2541 si

161 2585 320 2657 vortices
344 2583 411 2680 (uti
430 2582 636 2678 aliquorum
654 2596 712 2652 est
728 2579 868 2676 opinio)
898 2578 1051 2652 celerius
1070 2596 1290 2654 moveantur
1306 2609 1423 2679 prope
1441 2601 1617 2670 centrum,

162 2700 248 2773 dein
281 2700 420 2773 tardius
452 2725 569 2795 usquc
604 2697 651 2770 ad
687 2713 828 2768 certum
862 2694 1028 2786 limitem,
1060 2714 1139 2770 tum
1174 2699 1298 2771 denuo
1329 2700 1485 2782 celeriusv
1511 2704 1620 2798 juxta

162 2817 512 2903 circumferentiam,
558 2831 657 2888 certe
688 2840 755 2886 nec
790 2814 884 2886 ratio
924 2812 1185 2911 sesquiplicata
1220 2841 1341 2912 neque
1376 2816 1447 2889 alia
1477 2819 1620 2913 quaevis

161 2950 261 3007 certa
278 2959 320 3005 ac
339 2934 583 3005 determinata
600 2932 767 3005 obtinere
792 2946 925 3027 potest.
981 2932 1154 3005 Viderint
1172 2933 1296 3028 itaque
1317 2932 1526 3030 philosophi
1546 2961 1621 3031 quo

162 3067 271 3146 pacto
297 3050 570 3146 phaenomenon
598 3048 686 3121 illud
715 3049 865 3122 rationis
889 3048 1159 3145 sesquiplicatae
1187 3075 1254 3145 per
1270 3050 1429 3124 vortices
1446 3052 1620 3147 explicari

163 3182 288 3262 possrt.

326 3368 699 3441 PROPOSITIO
738 3369 865 3441 LIII.
947 3368 1301 3440 THEOREMA
1342 3369 1462 3443 XLI.

166 3590 338 3682 Corpora,
374 3613 455 3683 quse
487 3588 527 3659 in
570 3587 701 3659 vortice
740 3586 860 3659 delulu
902 3586 944 3659 iu
986 3587 1103 3658 orbem
1146 3586 1304 3674 redeunt,
1340 3585 1493 3681 ejusdem
1535 3597 1624 3657 sunl

231 3705 419 3776 denst'trzlr's
469 3729 550 3775 cum
601 3699 740 3791 vurl'z'ce,
788 3703 837 3779 ὣ*
878 3702 996 3774 eadem
1047 3703 1120 3798 lege
1158 3728 1240 3773 cum
1291 3701 1406 3795 z'psr'us
1447 3702 1622 3796 partibus

230 3820 353 3916 quoad
383 3819 601 3892 velocitatem
638 3820 686 3896 ὅς’
719 3843 848 3890 cursus
880 3819 1212 3891 delerminultbncm
1246 3828 1445 3890 ntovcntrrr.

235 4105 335 4175 Nam
364 4103 394 4175 si
423 4103 573 4176 vorticis
602 4126 687 4198 pars
715 4099 838 4196 aliqua
866 4102 1010 4198 exigua,
1040 4103 1143 4199 cujus
1174 4101 1361 4196 particulae
1389 4129 1454 4176 seu
1485 4123 1622 4200 puncta

165 4221 319 4317 physica
346 4220 473 4291 datum
502 4235 653 4292 servant
682 4220 793 4290 situm
826 4218 921 4290 inter
950 4244 1000 4304 se,
1031 4217 1216 4315 congelari
1247 4236 1496 4315 supponatur;
1530 4222 1619 4311 haec,

165 4339 341 4433 quoniam
369 4362 490 4432 neque
516 4337 640 4432 quoad
671 4338 893 4410 densitatem
920 4362 1035 4419 suam,
1064 4360 1185 4430 neque
1212 4337 1336 4431 quoad
1367 4337 1443 4409 vim
1475 4338 1621 4411 insitam

165 4471 228 4527 aut
247 4455 401 4551 figuram
421 4480 524 4526 suam
545 4471 716 4542 mutatur,
734 4454 944 4526 movebitur
961 4454 1091 4526 eadem
1111 4450 1193 4549 lege
1212 4479 1253 4525 ac
1278 4455 1402 4548 prius:
1431 4454 1467 4527 ἃ
1484 4473 1620 4544 contra,

165 4573 194 4643 si
214 4572 363 4643 vorticis
391 4597 475 4667 pars
494 4569 688 4667 congelata
715 4571 750 4642 &
768 4568 887 4642 solida
905 4570 1072 4667 ejusdem
1094 4571 1142 4642 sit
1159 4569 1352 4642 densitatis
1370 4596 1453 4642 cum
1481 4572 1622 4670 reliquo

165 4690 314 4773 vortice,
348 4688 384 4760 u
420 4686 624 4760 resolvatur
659 4688 695 4758 in
730 4686 904 4772 fluidum;
941 4685 1152 4759 movebitur
1186 4687 1265 4759 haec
1300 4689 1431 4762 eadem
1466 4687 1549 4787 lege
1580 4719 1622 4765 ac

166 4805 277 4898 prius,
315 4805 382 4878 nisi
419 4819 602 4898 quatenus
638 4805 751 4899 ipsius
787 4799 975 4898 particulae
1005 4804 1083 4899 jam
1111 4803 1233 4877 fluida:
1260 4804 1367 4878 sactae
1403 4825 1623 4881 moveantur
