4088 5768
853 499 995 558 LIBER
1015 499 1199 561 PRIMUS.
1687 525 1752 598 175

290 691 556 790 sesquiplicata
586 692 667 789 (per
692 690 801 765 corol.
832 698 854 764 6
881 718 984 788 prop.
1016 692 1078 791 lv).
1145 693 1186 767 Si
1213 693 1270 766 vis
1299 691 1359 766 illa
1385 695 1549 791 corporis
1584 698 1757 773 centralis

292 811 475 909 paulatim
511 809 777 909 languesceret,
807 835 939 906 corpus
965 812 1004 882 P
1029 811 1149 882 minus
1175 836 1324 906 semper
1350 810 1385 884 8r
1412 814 1533 885 minus
1559 831 1756 890 attractum

292 945 477 1027 perpetuo
505 928 693 1001 recederet
720 927 865 1024 longius
891 953 913 999 a
939 944 1066 1000 centro
1091 927 1129 998 T
1135 959 1150 1012 ,·
1176 925 1367 1016 decontra,
1387 930 1417 1001 si
1437 930 1493 1001 vis
1516 930 1576 1002 illa
1602 958 1755 1031 augere-

290 1060 363 1132 tur,
381 1045 574 1119 accederet
600 1046 761 1140 propius.
818 1044 923 1141 Ergo
949 1044 979 1115 si
1006 1043 1102 1116 actio
1128 1045 1291 1138 corporis
1317 1042 1508 1142 longinqui
1536 1048 1575 1132 S,
1599 1075 1673 1144 qua
1699 1052 1756 1124 vis

291 1161 356 1238 illa
385 1163 609 1247 diminuitur,
641 1179 821 1259 augeatur
850 1187 893 1233 ac
923 1161 1149 1233 diminuatur
1178 1185 1245 1256 per
1272 1161 1396 1235 vices:
1427 1164 1623 1260 augebitur
1648 1167 1755 1240 simul

291 1306 338 1357 ac
363 1281 590 1354 diminuetur
615 1280 738 1352 radius
773 1280 811 1351 T
814 1281 852 1351 P
877 1305 944 1374 per
977 1279 1097 1378 vices;
1130 1276 1166 1350 dc
1201 1294 1348 1374 tempus
1383 1281 1609 1375 periodicum
1644 1310 1755 1382 auge-

291 1396 393 1471 bitur
426 1424 469 1469 ac
503 1396 729 1469 diminuetur
763 1396 799 1467 in
836 1395 976 1468 ratione
1012 1394 1216 1489 composita
1250 1421 1298 1467 ex
1326 1396 1467 1470 ratione
1497 1399 1757 1496 sesquiplicata

291 1512 396 1598 radii,
416 1513 452 1586 dt
470 1513 611 1585 ratione
629 1511 893 1607 subduplicata,
913 1537 987 1607 qua
1008 1512 1064 1583 vis
1087 1510 1147 1583 illa
1172 1513 1376 1610 centripeta
1396 1517 1559 1611 corporis
1586 1519 1756 1592 centralis

298 1631 341 1718 T,
360 1658 427 1728 per
453 1632 718 1703 incrementum
745 1629 805 1702 vel
832 1630 1109 1703 decrementum
1136 1631 1290 1704 actionis
1316 1633 1480 1727 corporis
1502 1631 1693 1732 longinqui
1713 1637 1753 1722 S,

291 1747 510 1822 diminuitur
528 1746 587 1820 vel
606 1763 771 1843 augetur.

363 1867 481 1939 corel.
506 1888 535 1958 7.
566 1865 626 1936 Ex
645 1863 844 1960 praemissis
863 1863 1100 1958 consequitur
1116 1863 1237 1948 etiam,
1253 1862 1353 1959 quod
1373 1862 1543 1960 ellipseos
1562 1892 1584 1940 a
1601 1893 1755 1964 corpore

292 1982 333 2059 P
365 1983 562 2079 descriptae
597 1984 686 2066 axis,
722 2008 787 2054 seu
827 1981 998 2076 apsidum
1041 1979 1146 2065 linea,
1184 1980 1307 2076 quoad
1349 1997 1490 2054 motum
1529 1984 1754 2082 angularem,

292 2101 530 2199 progreditur
560 2100 596 2173 &
633 2099 839 2196 regreditur
869 2124 935 2193 per
965 2098 1074 2183 vices,
1106 2097 1172 2170 sed
1205 2098 1323 2196 magis
1355 2114 1478 2171 tamen
1511 2102 1754 2198 progreditur,

292 2215 331 2292 8ι
348 2243 415 2313 per
432 2242 625 2290 excessum
652 2216 921 2314 progressionis
948 2214 1063 2292 sertur
1081 2215 1117 2287 in
1135 2217 1409 2310 consequentia.
1469 2216 1569 2288 Nam
1597 2218 1654 2289 vis
1681 2244 1756 2313 qua

291 2358 426 2429 corpus
452 2336 491 2406 P
516 2349 668 2430 urgetur
695 2334 730 2405 in
749 2358 882 2428 corpus
916 2332 954 2403 T
975 2332 1010 2403 in
1038 2331 1280 2427 quadraturis
1301 2332 1362 2403 ubi
1388 2333 1446 2405 vis
1464 2334 1575 2405 MN
1595 2337 1754 2421 evanuit,
1845 2386 1849 2393 -

291 2450 527 2548 componitur
552 2475 599 2521 ex
625 2449 662 2521 vi
689 2449 793 2521 LM
815 2448 851 2521 &
877 2449 914 2520 vi
942 2449 1153 2543 centripeta,
1174 2472 1248 2542 qua
1274 2474 1406 2543 corpus
1436 2449 1474 2520 T
1493 2450 1605 2522 trahit
1623 2477 1756 2547 corpus

289 2568 337 2644 P.
393 2568 461 2640 Vis
489 2567 588 2662 prior
612 2566 647 2638 L
662 2567 722 2654 M,
742 2566 772 2638 si
794 2582 975 2662 augeatur
992 2565 1167 2638 distantia
1184 2567 1223 2637 P
1240 2566 1279 2650 T,
1299 2583 1456 2663 augetur
1474 2567 1510 2638 in
1530 2567 1660 2640 eadem
1679 2569 1757 2642 sere

289 2685 435 2759 ratione
469 2708 552 2755 cum
588 2682 657 2754 hac
691 2682 875 2770 distantia,
913 2683 949 2756 &
984 2685 1040 2756 vis
1076 2684 1258 2779 posterior
1291 2683 1472 2757 decrescit
1502 2685 1538 2757 in
1570 2684 1756 2783 duplicata

290 2800 354 2875 illa
380 2801 530 2885 ratione,
551 2801 710 2896 ideoque
737 2826 881 2873 summa
907 2800 1037 2873 harum
1065 2801 1197 2872 virium
1224 2799 1403 2872 decrescit
1425 2801 1461 2872 in
1481 2801 1623 2875 minore
1642 2829 1754 2899 quam

288 2917 478 3015 duplicata
502 2919 643 2992 ratione
669 2918 855 2991 distantiae
873 2920 912 2990 P
932 2919 973 3006 T,
994 2917 1246 3013 &propterea
1266 2914 1348 3014 (per
1372 2916 1480 2993 corol.
1506 2943 1519 2990 1
1542 2944 1645 3015 prop.
1667 2921 1755 3018 xiv)

289 3036 406 3110 efficit
432 3051 472 3107 ut
497 3061 580 3120 aux,
608 3061 673 3108 seu
701 3035 799 3130 apsis
826 3059 980 3119 summa,
1008 3033 1245 3131 regrediatur.
1312 3034 1355 3106 ln
1383 3036 1641 3132 conjunctione
1667 3063 1757 3112 vero

290 3151 329 3226 8ι
356 3152 590 3248 oppositione
616 3152 682 3236 viS,
703 3177 776 3246 qua
802 3177 935 3246 corpus
960 3152 999 3222 P
1024 3166 1175 3248 urgetur
1193 3151 1228 3222 in
1251 3176 1383 3247 corpus
1409 3152 1676 3236 T,difserentia
1701 3171 1758 3228 est

289 3270 389 3345 inter
418 3268 504 3355 vim,
534 3294 607 3364 qua
633 3293 766 3363 corpus
800 3269 838 3340 T
858 3267 970 3341 trahit
995 3293 1128 3362 corpus
1153 3268 1199 3352 P,
1220 3266 1256 3339 82
1282 3268 1357 3339 vim
1384 3269 1433 3340 K
1438 3269 1473 3341 L
1486 3301 1502 3355 ,·
1527 3268 1563 3342 ἃ
1585 3270 1756 3345 differen-

288 3389 344 3462 tia
375 3385 445 3473 illa,
476 3403 672 3482 propterea
702 3382 803 3480 quod
835 3383 891 3456 vis
921 3384 970 3455 K
978 3384 1013 3456 L
1046 3399 1204 3481 augetur
1233 3385 1512 3480 quamproxime
1544 3386 1580 3458 in
1616 3389 1758 3462 ratione

287 3505 478 3580 distantiae
503 3505 542 3575 P
561 3504 601 3589 T,
620 3502 799 3576 decrescit
826 3502 861 3574 in
889 3502 1027 3598 majore
1054 3525 1165 3596 quam
1192 3499 1378 3596 duplicata
1404 3503 1545 3576 ratione
1571 3503 1758 3580 distantiae

287 3621 390 3711 PT,
422 3622 581 3717 ideoque
610 3618 692 3718 (per
716 3616 825 3692 corol.
861 3642 872 3689 1
905 3642 1008 3712 prop.
1039 3621 1127 3713 xuv)
1159 3616 1270 3690 efficit
1305 3633 1346 3689 ut
1379 3643 1453 3690 aux
1488 3620 1754 3716 progrediatur.

294 3740 341 3815 In
360 3739 450 3813 locis
477 3739 573 3811 inter
598 3736 769 3835 syzygias
796 3733 832 3807 ἃ
859 3733 1101 3829 quadraturas
1127 3733 1268 3829 pendet
1293 3749 1415 3806 motus
1441 3735 1547 3831 augis
1574 3761 1758 3810 excausa

287 3874 448 3953 utraque
474 3856 706 3953 conjunctim,
734 3853 830 3926 adeo
855 3868 896 3924 ut
922 3876 990 3946 pro
1017 3851 1124 3947 hujus
1151 3849 1211 3923 vel
1242 3847 1391 3922 alterius
1421 3875 1574 3923 excessu
1607 3878 1756 3951 progre-

289 3972 416 4046 diatur
442 3972 521 4068 ipsa
548 3970 607 4044 vel
631 3970 866 4068 regrediatur.
923 3967 1038 4040 Unde
1065 3992 1148 4039 cum
1167 3967 1224 4039 vis
1241 3966 1290 4037 K
1296 3966 1331 4037 L
1352 3966 1388 4037 in
1407 3967 1568 4063 syzygiis
1586 3969 1634 4040 sit
1651 3970 1757 4064 quasi

288 4085 408 4184 duplo
435 4089 552 4185 major
577 4112 689 4183 quam
716 4087 774 4159 vis
800 4085 906 4157 LM
926 4085 961 4157 in
986 4083 1229 4180 quadraturis
1249 4107 1422 4154 excessus
1444 4083 1513 4154 erit
1539 4108 1654 4178 penes
1680 4087 1756 4158 vim

288 4204 341 4278 K
347 4204 394 4289 L,
415 4203 683 4298 transieretque
710 4227 844 4299 augem
873 4202 909 4273 in
936 4199 1210 4295 consequentia.
1266 4197 1414 4270 Veritas
1441 4215 1565 4272 autem
1593 4201 1757 4298 hujus&

288 4318 536 4418 praecedentis
567 4316 744 4392 corollarii
776 4316 916 4391 facilius
948 4315 1171 4413 intelligetur
1204 4315 1446 4409 concipiendo
1480 4331 1644 4411 systema
1678 4345 1756 4393 cor-

290 4461 424 4535 porum
450 4435 607 4509 duorum
642 4434 740 4519 T,P
764 4433 979 4529 corporibus
1004 4431 1170 4528 pluribus
1197 4431 1237 4515 S,
1257 4432 1296 4516 S,
1316 4432 1356 4519 S,
1378 4431 1443 4504 &c
1465 4432 1501 4504 in
1520 4433 1609 4506 orbe
1627 4435 1668 4506 Ε
1678 4436 1760 4508 SE

289 4553 587 4637 consistentibus
607 4551 771 4645 undique
789 4551 896 4648 cingi.
954 4549 1128 4644 Namque
1155 4547 1286 4621 horum
1307 4547 1512 4620 actionibus
1529 4549 1625 4622 actio
1644 4550 1757 4646 ipsius

297 4670 339 4746 T
366 4670 553 4743 minuetur
586 4668 760 4765 undique,
796 4666 1059 4762 decrescetque
1094 4665 1131 4737 in
1167 4664 1308 4737 ratione
1341 4662 1538 4762 plusquam
1572 4666 1759 4764 duplicata

291 4787 489 4863 distantiae.
