4110 5782
429 431 499 519 278
912 425 978 481 na
998 423 1400 482 nosocomorum

429 621 529 704 OS,·
555 635 701 714 tempus
720 618 920 690 descensus
939 618 974 689 in
993 615 1117 712 spirali
1136 618 1205 689 erit
1232 617 1280 689 ad
1312 633 1457 710 tempus
1484 614 1684 688 descensus
1712 617 1748 688 in
1777 633 1875 690 recta

427 737 461 808 S
467 737 505 808 P
522 738 558 808 in
577 735 707 808 eadem
727 733 787 805 illa
804 733 891 806 data
910 735 1058 818 ratione,
1078 733 1307 829 proindeque
1325 733 1440 804 datur.

496 852 613 924 Corol.
643 857 676 923 6.
705 851 747 923 Si
765 866 892 923 centro
910 851 944 922 S
959 848 1159 922 intervallis
1177 850 1322 922 duobus
1336 850 1616 944 quibuscunque
1634 849 1729 936 datis
1741 851 1875 923 descri-

425 969 560 1040 bantur
588 967 663 1039 duo
693 965 835 1052 circuli;
876 965 912 1038 81
943 967 1176 1039 manentibus
1206 966 1306 1038 hisce
1332 964 1483 1049 circulis
1503 981 1665 1039 mutetur
1690 984 1876 1064 utcunque

424 1081 581 1181 angulus
605 1108 716 1178 quem
743 1080 886 1177 spiralis
912 1083 1075 1155 continet
1101 1107 1183 1153 cum
1212 1083 1315 1155 radio
1343 1084 1448 1155 PS:
1475 1107 1648 1155 numerus
1679 1082 1875 1158 revolutio-

425 1224 512 1270 num
537 1225 629 1295 quas
653 1224 785 1293 corpus
812 1199 906 1270 intra
934 1196 1148 1271 circulorum
1179 1198 1498 1284 circumferentias
1523 1200 1713 1296 pergendo
1741 1201 1776 1271 in
1803 1203 1875 1296 spi-

424 1314 488 1387 rali
517 1341 539 1388 a
570 1315 862 1387 circumferentia
895 1314 943 1386 ad
975 1313 1312 1400 circumferentiam,
1349 1314 1532 1410 complere
1567 1331 1700 1411 potest,
1737 1332 1793 1389 est
1836 1334 1876 1391 ut

423 1432 583 1505 PS.

424 1531 496 1540 —
554 1515 633 1563 srve
659 1505 700 1561 ut
726 1504 883 1586 tangens
909 1487 1033 1586 anguli
1059 1487 1152 1561 illius
1177 1514 1288 1584 quem
1312 1487 1455 1584 spiralis
1476 1489 1639 1563 continet
1669 1517 1752 1563 cum
1771 1494 1873 1567 radio

425 1553 459 1625 O
473 1554 507 1625 S
519 1548 527 1575 ’

488 1685 492 1691 '
815 1693 817 1698 ’
983 1728 990 1743 .
1413 1671 1495 1743 ΟΡ
1537 1730 1544 1744 .

421 1729 525 1812 PS,·
551 1744 697 1824 tempus
720 1754 809 1801 vero
837 1727 1105 1800 revolutionum
1129 1727 1329 1800 earundem
1354 1743 1394 1800 ut
1415 1768 1509 1864 ὦ,
1535 1730 1572 1801 rd
1599 1747 1666 1816 est,
1685 1746 1725 1803 ut
1743 1758 1871 1805 secans

420 1908 544 2007 anguli
562 1909 737 2006 ejusdem,
757 1907 816 1981 vel
835 1908 946 1981 etiam
965 1907 1149 2002 reciproce
1167 1923 1208 1980 ut
1226 1908 1336 1980 medii
1355 1907 1529 1982 densitas.

491 2025 607 2098 Corol.
640 2045 669 2117 7.
700 2024 741 2096 Si
756 2049 888 2119 corpus
907 2025 942 2095 in
962 2022 1097 2112 medio,
1111 2023 1214 2120 cujus
1231 2023 1396 2095 densitas
1410 2040 1466 2096 est
1480 2027 1665 2120 reciproce
1679 2044 1719 2100 ut
1733 2029 1869 2101 distan-

420 2140 471 2213 tia
488 2139 650 2213 locorum
669 2165 691 2212 a
708 2155 845 2228 centro,
871 2138 1137 2213 revolutionem
1162 2139 1198 2211 in
1223 2164 1336 2211 curva
1362 2165 1581 2237 quacunque
1611 2145 1652 2215 A
1666 2145 1753 2216 ΕΒ
1778 2147 1872 2219 circa

419 2272 584 2329 centrum
608 2254 694 2328 illud
721 2254 856 2340 fecerit,
882 2254 918 2327 ἃ
944 2256 1086 2327 radium
1113 2256 1271 2352 primum
1296 2256 1385 2328 AS
1405 2258 1441 2329 in
1459 2259 1592 2331 eodem
1610 2261 1747 2358 angulo
1770 2284 1871 2335 secu-

419 2373 490 2447 erit
515 2375 551 2446 in
570 2375 608 2446 B
634 2398 709 2469 quo
735 2372 835 2466 prius
863 2372 899 2443 in
917 2373 971 2457 A,
999 2372 1111 2467 idque
1137 2396 1220 2444 cum
1247 2369 1442 2445 velocitate
1468 2399 1552 2468 quae
1579 2375 1688 2448 fuerit
1705 2377 1752 2448 ad
1771 2378 1869 2452 velo-

420 2491 568 2563 citatem
586 2514 691 2562 suam
710 2489 865 2582 primam
885 2488 921 2559 in
939 2488 980 2559 A
1003 2487 1186 2582 reciproce
1213 2488 1249 2559 in
1281 2488 1537 2583 subduplicata
1567 2493 1708 2566 ratione
1734 2494 1870 2567 distan-

419 2607 550 2679 tiarum
568 2632 591 2678 a
608 2621 734 2678 centro
755 2597 891 2701 (idest,
911 2620 952 2675 ut
969 2604 1009 2674 A
1025 2604 1058 2674 S
1072 2604 1120 2675 ad
1140 2604 1299 2676 mediam
1324 2607 1638 2701 proportionalem
1665 2611 1760 2684 inter
1784 2614 1825 2685 A
1840 2615 1874 2685 S

415 4547 450 4619 81
468 4550 507 4620 B
517 4550 571 4644 S)
592 4576 724 4646 corpus
743 4550 830 4623 illud
853 4568 984 4648 perget
1001 4554 1212 4627 innumeras
1234 4555 1442 4629 consimiles
1464 4553 1712 4628 revolutiones
1729 4553 1768 4624 B
1778 4553 1818 4623 F
1827 4552 1865 4634 C,

417 4665 451 4736 C
461 4666 497 4736 G
507 4667 557 4750 D,
577 4665 643 4738 &c
664 4667 791 4754 facere,
818 4668 853 4740 u
881 4669 1200 4744 intersectionibus
1223 4673 1426 4769 distinguet
1450 4671 1592 4744 radium
1612 4671 1651 4742 A
1667 4671 1701 4741 S
1722 4670 1756 4741 in
1784 4693 1864 4762 par-

415 4794 470 4851 tes
489 4781 528 4852 A
544 4781 583 4867 S,
608 4782 647 4854 B
658 4783 696 4866 S,
728 4784 761 4855 C
769 4784 809 4872 S,
829 4786 870 4856 l)
882 4786 920 4869 S,
942 4783 1006 4857 &c
1028 4788 1201 4860 continue
1220 4787 1519 4883 proportionales.
1577 4786 1864 4860 Revolutionum
