4110 5782
857 501 999 559 LIBER
1018 499 1203 559 paruus
1692 521 1760 592 127

300 714 388 772 sunt
414 710 607 770 nascentes
634 694 821 790 particulae
846 697 1007 782 Dsz,
1035 697 1063 767 l
1076 697 1111 769 C
1120 697 1171 782 K,
1191 695 1227 769 &
1248 721 1414 769 arearum
1444 695 1481 767 V
1486 696 1601 779 Dea,
1630 694 1667 766 V
1676 696 1762 769 CX

300 813 463 911 aequales
489 837 637 908 semper
662 829 748 883 sunt
775 830 968 885 nascentes
995 812 1182 908 particulae
1208 814 1369 901 Dch,
1397 816 1442 887 X
1457 815 1491 887 C
1506 814 1551 903 V,
1580 814 1649 886 erit
1674 839 1761 887 area

298 933 426 1029 genita
462 931 500 1001 V
507 930 616 1001 Dba
644 925 796 1024 aequalis
823 953 919 1000 areae
940 929 1078 1025 genitae
1109 930 1147 1000 V
1154 930 1182 1000 l
1195 930 1234 1014 C,
1254 930 1414 1027 ideoque
1432 931 1588 1027 tempori
1608 955 1759 1025 propor-

300 1045 455 1131 tionalis
476 1045 512 1118 81
533 1069 619 1117 area
643 1045 770 1141 genita
805 1045 843 1116 V
848 1046 955 1117 Dca
983 1044 1136 1142 aequalis
1154 1048 1285 1119 sectori
1304 1049 1432 1144 genito
1459 1049 1496 1120 V
1505 1049 1539 1121 C
1548 1048 1600 1121 X.
1659 1048 1761 1121 Dato

300 1165 411 1262 igitur
442 1180 609 1258 tempore
639 1162 772 1257 quovis
803 1187 850 1234 ex
881 1188 956 1258 quo
987 1188 1120 1258 corpus
1151 1163 1320 1237 discessit
1349 1165 1398 1238 de
1427 1164 1509 1238 loco
1545 1166 1586 1251 V,
1614 1165 1762 1238 dabitur

298 1307 386 1354 area
416 1280 484 1376 ipsi
516 1277 801 1375 proportionalis
842 1278 880 1350 V
885 1281 1002 1365 Dba,
1035 1280 1071 1353 81
1103 1281 1190 1354 inde
1224 1281 1372 1355 dabitur
1405 1282 1569 1377 corporis
1603 1281 1760 1357 altitudo

303 1398 337 1471 C
345 1398 388 1471 D
405 1395 464 1470 vel
486 1397 520 1469 C
529 1397 558 1467 I
564 1395 735 1481 ,·&area
766 1394 804 1466 V
808 1396 925 1481 Dra,
945 1397 1054 1492 eique
1080 1395 1232 1494 aequalis
1258 1414 1381 1473 sector
1415 1398 1452 1470 V
1463 1399 1497 1471 C
1506 1398 1552 1471 X
1576 1421 1759 1470 unacum

299 1516 379 1613 ejus
396 1511 534 1612 angulo
560 1512 598 1584 V
607 1513 641 1585 C
647 1513 680 1585 l.
738 1513 847 1586 Datis
866 1532 990 1589 autem
1004 1515 1141 1612 angulo
1168 1517 1205 1588 V
1214 1516 1283 1588 CI
1297 1513 1544 1588 &altitudine
1565 1513 1600 1586 C
1606 1514 1634 1584 l
1648 1514 1759 1587 datur

298 1630 400 1705 locus
418 1633 452 1717 l,
472 1632 507 1702 in
527 1655 602 1726 quo
620 1655 752 1725 corpus
770 1629 955 1726 completo
974 1630 1035 1704 illo
1053 1650 1220 1728 tempore
1239 1632 1448 1728 reperietur.
1504 1630 1548 1718 Q.
1566 1630 1613 1703 E.
1628 1631 1661 1703 I.

369 1749 486 1823 Corol.
513 1773 540 1821 1.
575 1746 675 1818 Hinc
702 1749 873 1822 maximae
901 1749 1138 1846 minimaeque
1164 1774 1358 1845 corporum
1384 1746 1606 1833 altitudines
1626 1748 1663 1820 id
1690 1763 1756 1833 est,

297 1867 447 1963 apsides
474 1865 762 1962 trajectoriamm
785 1865 958 1959 expedite
984 1866 1137 1939 inveniri
1157 1881 1321 1962 possunt
1377 1865 1474 1938 Sunt
1491 1865 1590 1937 enim
1608 1865 1757 1961 apsides

297 1999 435 2080 puncta
462 1981 521 2055 illa
549 1983 585 2053 in
612 1981 748 2078 quibus
767 2000 865 2054 recta
883 1984 912 2054 I
923 1983 957 2055 C
971 2009 1039 2079 per
1056 2002 1222 2059 centrum
1240 1985 1352 2056 ducta
1370 1982 1497 2054 incidit
1514 1982 1755 2078 perpendicu-

297 2098 423 2174 lariter
445 2101 481 2172 in
506 2098 753 2196 trajectoriam
793 2097 939 2173 VJK:
971 2100 1007 2172 id
1039 2101 1141 2197 quod
1169 2101 1210 2174 fit
1244 2101 1306 2174 ubi
1343 2115 1452 2172 rectae
1481 2099 1565 2171 JK
1590 2098 1628 2172 81
1657 2099 1762 2171 NK

297 2233 501 2314 aequantur,
521 2216 680 2310 ideoque
698 2214 759 2286 ubi
778 2240 865 2287 area
881 2216 922 2286 A
937 2216 1026 2288 BF
1032 2219 1075 2288 D
1091 2216 1244 2314 aequalis
1262 2233 1319 2291 est
1337 2216 1365 2290 Z
1384 2217 1423 2290 Z.

369 2334 486 2406 Corol.
509 2357 540 2404 2.
570 2331 648 2404 Sed
676 2330 712 2403 81
737 2329 895 2428 angulus
920 2332 968 2403 K
974 2333 1003 2403 I
1009 2333 1066 2420 N,
1095 2335 1131 2405 in
1158 2359 1233 2430 quo
1259 2333 1466 2432 trajectoria
1495 2331 1626 2404 alicubi
1658 2347 1759 2405 secat

297 2451 431 2524 lineam
452 2449 549 2522 illam
576 2451 605 2521 J
614 2449 654 2533 C,
673 2474 721 2521 ex
747 2448 835 2521 data
861 2451 1024 2545 corporis
1051 2450 1244 2525 altitudine
1265 2452 1295 2522 J
1304 2452 1339 2524 C
1357 2448 1532 2544 expedite
1550 2449 1756 2535 invenitur;

297 2567 467 2641 nimirum
494 2566 677 2663 capiendo
702 2565 823 2637 sinum
851 2567 930 2662 ejus
957 2566 1003 2638 ad
1032 2568 1174 2640 radium
1201 2584 1242 2641 ut
1267 2567 1371 2640 ΚΝ
1393 2567 1441 2639 ad
1467 2566 1554 2651 IK,
1574 2565 1697 2650 idest,
1717 2582 1758 2638 ut

300 2686 328 2759 Z
348 2685 397 2758 ad
415 2683 510 2757 latus
529 2683 750 2780 quadratum
770 2708 866 2755 areae
885 2683 925 2754 A
941 2684 980 2755 Β
993 2685 1034 2755 F
1038 2687 1088 2759 D.

368 2800 487 2874 Corol.
510 2824 542 2893 3.
572 2799 613 2872 Si
645 2816 773 2871 centro
806 2799 840 2871 C
868 2797 904 2871 81
934 2802 1072 2874 vertice
1103 2798 1292 2897 principali
1329 2800 1368 2873 V
1390 2799 1620 2873 describatur
1643 2798 1758 2871 sectio

298 2916 473 3015 quaelibet
496 2916 623 2990 conica
659 2916 697 2986 V
704 2916 795 3000 RS,
825 2915 861 2988 81
891 2942 913 2988 a
943 2919 1077 3013 quovis
1108 2920 1187 3016 ejus
1214 2934 1352 3014 puncto
1377 2918 1417 2990 R
1443 2932 1575 3014 agatur
1600 2930 1758 3011 tangens

296 3035 337 3107 R
355 3034 393 3106 T
412 3057 606 3108 occurrens
632 3032 692 3104 axi
719 3031 871 3104 infinitae
897 3058 980 3128 pro-

297 3151 409 3225 ducto
442 3148 533 3222 CV
559 3149 594 3221 in
626 3165 764 3244 puncto
803 3150 860 3235 T,·
895 3150 980 3223 dein

291 3269 421 3367 juncta
451 3267 533 3341 CR
563 3266 719 3339 ducatur
753 3282 853 3339 recta
890 3268 924 3340 C
933 3269 979 3352 P,

297 3412 381 3485 quae
416 3384 569 3482 aequalis
604 3385 652 3457 sit
682 3384 856 3457 abscissae
890 3385 924 3457 C
939 3387 978 3469 Τ,

296 3502 548 3602 angulumque
575 3503 613 3575 V
617 3503 688 3575 CP
705 3503 836 3575 sectori
866 3502 903 3574 V
906 3503 980 3576 CR
1023 3573 1048 3617 v

296 3618 608 3717 proportionalem
643 3619 864 3703 constituat;
901 3635 978 3692 ten-

296 3739 362 3812 dat
403 3754 528 3811 autem
566 3737 613 3809 ad
650 3753 815 3808 centrum
859 3737 892 3809 C
922 3737 979 3808 vis
1024 3756 1048 3804 u

296 3857 500 3952 centripeta
533 3855 629 3927 cubo
663 3854 850 3926 distantiae
881 3852 977 3926 loco-

297 3999 377 4047 rum
408 3999 431 4045 a
460 3989 587 4046 centro
615 3973 800 4068 reciproce
826 3996 978 4067 propor-

296 4089 507 4176 nonalis&
533 4105 642 4163 exeat
668 4115 801 4185 corpus
827 4086 980 4161 deloco
1025 4098 1045 4144 0
1133 4165 1151 4176 N

307 4207 345 4280 V
367 4208 469 4305 justa
499 4233 582 4279 cum
618 4206 813 4281 velocitate
849 4231 977 4279 secun-

297 4323 386 4396 dum
416 4321 552 4395 lineam
579 4338 689 4396 rectae
717 4324 804 4396 CV
822 4347 977 4419 perpen-
1096 4306 1119 4364 Q
1255 4296 1265 4327 ⁸

298 4437 525 4513 dicularem:
561 4439 820 4536 progredietur
857 4467 991 4536 corpus
1033 4438 1120 4511 illud
1157 4440 1193 4512 in
1229 4440 1438 4537 trajectoria
1481 4439 1518 4510 V
1524 4438 1608 4527 PQ
1647 4464 1758 4534 quam

297 4570 476 4652 punctum
495 4556 533 4627 P
549 4572 731 4651 perpetuo
750 4558 868 4654 tangit
885 4584 894 4642 ;
915 4538 1123 4653 ideoque'si
1142 4556 1269 4629 conica
1287 4556 1403 4628 sectio
1425 4555 1462 4626 V
1463 4555 1542 4627 RS
1557 4552 1760 4650 hyperbola

294 4673 353 4758 sit,
382 4672 586 4746 descendet
618 4673 716 4745 idem
747 4673 795 4745 ad
823 4689 1013 4745 centrum:
1058 4674 1114 4744 sin
1146 4698 1191 4745 ea
1221 4671 1358 4768 ellipsis
1385 4672 1440 4756 sit,
1468 4671 1644 4744 ascendet
1671 4669 1760 4742 illud

296 4790 534 4886 perpetuo&
552 4790 669 4862 abibit
687 4791 723 4861 in
744 4789 936 4861 infinitum.
994 4788 1046 4860 Et
1064 4805 1201 4877 contra,
1221 4789 1251 4860 si
1279 4812 1412 4882 corpus
1438 4812 1658 4883 quacunque
1676 4812 1758 4858 cum

293 4905 491 4980 velocitate
526 4922 637 4979 exeat
669 4908 718 4980 de
754 4905 835 4980 loco
879 4906 920 4992 V,
959 4905 995 4978 &
1029 4905 1184 5001 perinde
1218 4920 1261 4976 ut
1293 4903 1487 5000 incoeperit
1520 4903 1579 4977 vel
1610 4903 1760 5000 oblique
