4110 5782
426 446 500 534 436
886 437 953 495 DE
973 434 1139 496 MUNDI
1155 436 1181 497 S
1188 436 1363 498 YSTEMA
1370 441 1426 500 TE

425 653 504 711 tum
531 636 633 710 sinus
664 631 789 732 anguli
824 634 858 706 C
871 633 909 704 T
912 634 958 706 P.
1032 631 1077 704 ld
1108 635 1210 729 quod
1240 635 1330 709 satis
1356 653 1527 712 accurate
1556 636 1629 727 liet,
1662 637 1693 712 si
1726 653 1902 738 tangens

425 754 551 855 anguli
585 756 619 828 C
637 756 675 826 T
680 756 719 826 P
743 754 970 826 diminuatur
996 752 1031 824 in
1061 753 1319 849 subduplicata
1346 759 1488 833 ratione
1514 760 1655 833 numeri
1687 783 1786 854 1097
1792 788 1813 856 3
1846 767 1901 838 ad

426 898 621 946 numerum
645 895 773 965 11073‚
794 871 916 955 idest,
937 871 972 941 in
998 871 1140 944 ratione
1167 875 1308 947 numeri
1341 880 1500 972 68,6877
1519 879 1567 951 ad
1598 904 1798 954 numerum
1833 888 1898 974 69.

427 990 516 1086 Quo
533 1006 643 1086 pacto
660 1005 818 1087 tangens
847 986 971 1084 anguli
994 988 1027 1059 C
1042 989 1121 1060 ΤΡ
1140 990 1218 1086 jam
1237 993 1307 1064 erit
1332 994 1380 1066 ad
1399 1010 1613 1095 tangentem
1632 1012 1755 1070 motus
1776 1002 1901 1074 medii

426 1124 468 1182 ut
487 1112 647 1201 68,6877
666 1107 713 1180 ad
737 1128 791 1200 70,
811 1105 847 1178 8(
871 1103 1029 1202 angulus
1050 1106 1084 1178 C
1102 1106 1183 1178 ΤΡ
1200 1108 1236 1182 in
1263 1114 1484 1205 octantibus,
1503 1114 1566 1187 ubi
1592 1129 1715 1188 motus
1742 1117 1902 1192 medius

428 1242 486 1301 est
512 1236 594 1320 45⁸⁵
613 1223 823 1298 invenietur
848 1232 930 1313 44³¹·
961 1219 1021 1314 27'
1049 1220 1122 1293 28''
1148 1223 1211 1318 qui
1545 1265 1553 1274 ·

427 1343 632 1416 subductus
667 1341 715 1415 de
758 1338 897 1437 angulo
935 1354 1058 1411 motus
1097 1339 1211 1412 medii

430 1471 512 1554 45⁸¹·
541 1457 714 1554 relinquit
744 1456 985 1530 variationem
1013 1455 1212 1529 maximam

431 1574 491 1671 32'
523 1575 605 1669 32''.
674 1574 771 1648 Haec
806 1573 856 1646 ita
891 1598 932 1646 se
967 1573 1147 1646 haberent
1181 1575 1212 1647 si

428 1693 526 1782 luna,
545 1691 739 1790 pergendo
757 1717 780 1764 a
797 1689 1024 1789 quadratura
1040 1691 1088 1763 ad
1107 1717 1212 1787 syzy-

432 1809 545 1909 giam,
587 1809 812 1882 describeret
854 1806 1031 1906 angulum
1073 1808 1107 1880 C
1124 1809 1163 1880 T
1170 1809 1210 1880 Α

430 1925 615 2025 graduum
629 1941 773 1999 tantum
789 1926 1002 2024 nonaginta.
1070 1925 1212 1999 Verum

430 2045 480 2118 ob
507 2059 649 2119 motum
678 2060 796 2130 terrae,
827 2069 901 2140 quo
932 2042 987 2117 sol
1019 2044 1055 2116 in
1084 2069 1211 2118 conse-

429 2162 583 2259 quentia
610 2177 713 2235 motu
744 2176 948 2257 apparente
986 2161 1212 2248 transfertur,
1368 2250 1373 2263 ι
1425 2239 1431 2255 ,

428 2277 526 2365 luna,
541 2279 757 2376 priusquam
775 2278 892 2352 solem
910 2279 1128 2374 assequitur,
1147 2279 1211 2351 de·
1432 2255 1456 2314 χ·

429 2397 556 2471 scribit
585 2396 763 2497 angulum
798 2398 832 2470 C
844 2398 882 2469 T
889 2423 913 2469 a
944 2395 1082 2494 angulo
1112 2412 1213 2470 recto
1311 2377 1333 2490 ,ἶ

430 2515 608 2613 majorem
631 2515 667 2588 in
694 2515 837 2589 ratione
863 2515 1041 2611 temporis
1068 2514 1259 2588 revolu-1>
1306 2494 1313 2529 ”

429 2632 541 2706 tionis
559 2631 697 2705 lunaris
714 2631 903 2727 synodicae
921 2633 969 2704 ad
988 2647 1135 2728 tempus
1157 2657 1211 2705 re-

429 2748 630 2823 volutionis
648 2749 857 2844 periodicae,
878 2748 915 2821 id
933 2763 1000 2834 est,
1015 2749 1052 2820 in
1071 2748 1214 2823 ratione

433 2861 675 2957 29‘l12h·44'
698 2863 747 2936 ad
776 2862 845 2957 27‘L
869 2862 911 2957 7l
938 2861 1009 2957 43'.
1065 2864 1118 2937 Et
1143 2865 1214 2938 hoc
1353 2925 1372 2967 x

430 2996 540 3078 pacto
558 2980 684 3080 anguli
711 3007 841 3055 omnes
868 2982 964 3055 circa
989 2996 1157 3055 centrum
1183 2982 1221 3054 T
1371 2969 1393 3014 ⁸*

429 3097 631 3173 dilatantur
649 3099 685 3172 in
704 3098 836 3173 eadem
865 3100 1015 3185 ratione,
1036 3098 1072 3171 8(
1090 3096 1246 3171 variatio
1264 3097 1435 3184 maxima,
1456 3123 1541 3194 quae
1567 3094 1802 3197 secusfesset
1829 3097 1894 3191 32'

432 3214 514 3311 32¹¹,
528 3216 608 3314 jam
626 3232 734 3289 aucta
752 3218 788 3289 in
807 3218 939 3290 eadem
959 3217 1100 3290 ratione
1119 3216 1161 3289 fit
1180 3240 1199 3309 3
1205 3214 1239 3309 5'
1261 3214 1339 3290 1o''.

500 3334 598 3408 Haec
616 3351 673 3408 est
691 3335 771 3433 ejus
798 3334 1017 3433 magnitudo
1035 3334 1071 3407 in
1099 3334 1274 3408 mediocri
1293 3332 1469 3406 distantia
1494 3331 1584 3406 solis
1610 3358 1633 3405 a
1662 3347 1768 3418 terra,
1797 3357 1889 3431 neg-

429 3450 533 3526 lectis
551 3453 767 3527 differentiis
786 3478 870 3549 quae
888 3478 911 3525 a
928 3465 1124 3524 curvatura
1142 3451 1241 3524 orbis
1260 3450 1384 3548 magni
1407 3450 1611 3547 majorique
1628 3448 1716 3523 solis
1742 3451 1891 3525 actione

429 3569 467 3643 in
502 3568 628 3643 lunam
658 3569 830 3643 falcatam
863 3569 899 3642 8(
931 3594 1066 3642 novam
1099 3594 1210 3665 quam
1247 3568 1283 3639 in
1318 3568 1513 3664 gibbosam
1546 3568 1583 3640 8(
1612 3567 1761 3663 plenam
1801 3569 1889 3642 oriri

430 3688 583 3783 possint.
641 3689 684 3760 In
703 3686 783 3760 aliis
797 3686 982 3760 distantiis
999 3684 1088 3758 solis
1106 3700 1239 3757 aterra
1265 3685 1421 3758 variatio
1439 3685 1601 3757 maxima
1618 3699 1676 3757 est
1690 3685 1726 3756 in
1745 3685 1891 3759 ratione

430 3829 515 3901 quae
542 3805 776 3900 componitur
792 3831 839 3877 ex
857 3801 1043 3899 duplicata
1069 3803 1211 3876 ratione
1229 3803 1406 3897 temporis
1433 3801 1672 3876 revolutionis
1698 3802 1889 3898 synodicae

428 3917 567 3993 lunaris
588 3920 689 4017 (dato
707 3921 792 3993 anni
813 3918 994 4016 tempore)
1015 3919 1154 3993 directe
1181 3919 1217 3992 8(
1235 3918 1418 4015 triplicata
1435 3919 1576 3992 ratione
1594 3920 1780 3993 distantiat
1798 3919 1889 3994 solis

429 4052 567 4110 aterra
593 4036 749 4112 inverse.
808 4037 974 4134 Ideoque
994 4038 1029 4110 in
1057 4063 1214 4134 apogaeo
1245 4036 1333 4109 solis
1360 4037 1517 4110 variatio
1544 4038 1707 4110 maxima
1737 4053 1794 4110 est
1827 4039 1890 4131 33'

435 4154 511 4249 14'',
532 4155 568 4228 8(
586 4156 622 4228 in
641 4156 721 4252 ejus
739 4155 903 4252 perigaeo
922 4154 983 4248 37'
1006 4152 1083 4242 11'',
1102 4156 1133 4228 si
1152 4155 1264 4228 modo
1283 4157 1532 4228 eccentricitas
1550 4155 1638 4229 solis
1656 4158 1704 4230 sit
1720 4156 1769 4228 ad
1787 4158 1888 4231 orbis

430 4272 556 4371 magni
574 4273 889 4346 semidiametrum
907 4286 1156 4344 transversam
1174 4288 1215 4344 ut
1238 4271 1323 4351 rob}
1340 4273 1387 4345 ad
1412 4298 1514 4347 1000.

499 4392 694 4465 Hactenus
721 4390 963 4463 variationem
990 4390 1297 4487 investigavimus
1328 4391 1364 4463 in
1392 4391 1482 4464 orbe
1510 4415 1584 4463 non
1615 4390 1828 4477 eccentrico,
1849 4392 1885 4464 in

427 4534 503 4606 quo
530 4510 657 4605 utique
688 4507 775 4581 luna
806 4509 842 4580 in
874 4508 1082 4582 octantibus
1109 4509 1185 4580 suis
1208 4534 1357 4605 semper
1374 4524 1431 4582 est
1458 4509 1494 4580 in
1526 4508 1700 4582 mediocri
1718 4534 1787 4581 sua
1811 4509 1886 4582 dis-

428 4625 545 4699 tantia
579 4651 602 4696 a
637 4640 741 4698 terra.
808 4626 849 4698 Si
880 4623 969 4698 luna
1002 4641 1155 4721 propter
1183 4627 1494 4700 eccentricitatem
1529 4651 1635 4699 suam
1675 4626 1794 4724 magis
1824 4624 1884 4700 vel

428 4743 550 4816 minus
576 4741 689 4815 distat
715 4768 737 4815 a
765 4758 862 4815 terra
893 4769 1003 4839 quam
1031 4743 1061 4816 si
1088 4742 1270 4818 locaretur
1297 4745 1332 4817 in
1362 4745 1432 4819 hoc
1463 4745 1563 4835 orbe,
1591 4745 1746 4818 variatio
1774 4742 1885 4840 paulo

428 4860 546 4958 major
571 4884 653 4934 esse
679 4875 804 4956 potest
820 4858 880 4935 vel
908 4858 1020 4957 paulo
1046 4859 1166 4937 minor
1183 4886 1295 4958 quam
1323 4887 1392 4959 pro
1416 4861 1543 4961 regula
1569 4861 1627 4936 hic
1653 4859 1790 4935 allata:
1817 4861 1884 4935 sed
