4110 5782
902 427 970 485 DE
990 427 1128 489 MOTU
1143 428 1399 489 CORPORUM

559 764 930 838 PROPOSITIO
976 765 1071 841 LX.
1144 766 1506 840 THEOREMA
1553 769 1739 846 XXIII.

420 979 470 1053 Si
494 990 646 1077 corpora
674 980 746 1053 dua
776 979 803 1053 S
838 981 886 1058 δυ’
923 980 962 1068 Ρ,
996 980 1135 1053 uiribus
1167 981 1348 1076 quadrata
1381 981 1568 1055 distantia
1598 1011 1674 1057 sua
1706 985 1879 1082 reciproce

458 1114 809 1212 proportionalibuo
839 1140 876 1187 se
903 1121 1030 1186 mutua
1060 1112 1253 1200 trahentia,
1284 1116 1527 1190 revolvuntur
1557 1118 1654 1192 circa
1673 1121 1877 1216 grauitatis

466 1259 632 1324 centrum
661 1275 868 1324 commune:
894 1248 970 1321 dica
993 1246 1093 1344 quad
1113 1247 1278 1342 ellutseas,
1297 1236 1407 1344 quarn
1432 1260 1561 1345 carpus
1585 1253 1811 1325 alterutrum
1845 1253 1873 1325 P

466 1385 529 1458 icoc
558 1392 658 1458 rnatu
682 1384 780 1479 circa
803 1381 1010 1456 alterumS
1037 1380 1211 1467 describit,
1238 1381 1320 1454 axis
1335 1383 1561 1479 principales
1585 1386 1658 1458 erit
1697 1385 1752 1458 ad
1771 1411 1875 1460 axem

456 1520 708 1616 principalem
724 1519 888 1615 ellipseos,
906 1541 1017 1613 quarn
1034 1524 1162 1609 carpus
1179 1513 1272 1587 adem
1293 1515 1320 1586 P
1347 1516 1443 1588 circa
1467 1518 1627 1591 alterurn
1651 1519 1827 1616 quiescens
1844 1521 1871 1594 S

466 1654 580 1728 eadem
619 1662 775 1749 tempore
797 1651 981 1747 periodica
1023 1649 1216 1722 describere
1246 1658 1376 1743 posset,
1412 1661 1456 1723 ut
1495 1677 1639 1726 summa
1680 1664 1873 1752 cantarum

465 1788 623 1861 duorum
641 1787 711 1868 S÷
725 1787 753 1858 P
771 1785 1001 1880 adprimurn
1017 1784 1176 1857 duarum
1194 1783 1305 1856 medie
1310 1785 1652 1879 proportionalium
1665 1788 1766 1862 inter
1778 1790 1874 1863 tanc

464 1946 646 1994 summam
666 1923 715 1999 <⁰9²
730 1929 860 2016 carpus
876 1919 978 1993 illud
989 1920 1147 1992 alterum
1166 1918 1203 1991 S.

483 2135 585 2208 Nam
615 2137 646 2208 si
678 2135 874 2230 descriptae
905 2130 1053 2228 ellipses
1081 2147 1207 2205 essent
1234 2132 1303 2205 sibi
1333 2133 1491 2206 invicem
1512 2132 1684 2230 aequaleS‚
1704 2151 1873 2234 tempora

413 2253 603 2350 periodica
647 2251 729 2351 (per
763 2252 955 2325 theorema
992 2250 1174 2347 superius)
1211 2250 1333 2324 forent
1367 2250 1403 2322 in
1438 2248 1696 2346 subduplicata
1730 2256 1872 2329 ratione

412 2370 576 2466 corporis
604 2370 638 2442 S
660 2369 708 2443 ad
734 2393 918 2442 summam
945 2391 1140 2462 corporum
1167 2367 1295 2448 8412.
1368 2366 1561 2439 Minuatur
1586 2368 1622 2440 in
1641 2367 1710 2442 hac
1728 2372 1870 2445 ratione

412 2503 559 2582 tempus
578 2486 805 2582 periodicum
824 2486 861 2558 in
880 2482 997 2579 ellipsi
1024 2483 1237 2579 posteriore,
1256 2483 1293 2556 &
1319 2499 1487 2578 tempora
1503 2483 1691 2578 periodica
1708 2486 1870 2560 evadent

411 2603 589 2700 aequalia;
617 2603 789 2699 ellipseos
807 2616 931 2674 autem
950 2600 1030 2672 axis
1058 2597 1268 2695 principalis
1299 2600 1380 2696 (per
1405 2609 1506 2696 prop.
1526 2599 1591 2696 xv)
1621 2603 1806 2685 minuetur
1831 2606 1868 2677 in

411 2722 562 2806 ratione,
585 2721 688 2817 cujus
707 2719 786 2791 haec
804 2734 862 2791 est
879 2715 1148 2812 sesquiplicata,
1168 2715 1204 2788 id
1224 2730 1281 2788 est
1299 2716 1334 2788 in
1354 2720 1504 2804 ratione,
1525 2720 1628 2816 cujus
1650 2722 1743 2794 ratio
1762 2724 1795 2794 S
1817 2723 1866 2795 ad

410 2838 444 2909 S
450 2838 529 2918 ÷P
567 2852 624 2910 est
658 2822 858 2931 triplicata;
895 2833 1054 2928 ideoque
1089 2833 1158 2905 erit
1192 2832 1239 2904 ad
1275 2859 1384 2907 axem
1419 2835 1658 2931 principalem
1693 2837 1866 2934 ellipseos

410 2953 568 3040 alteriuS,
588 2969 629 3027 ut
646 2953 804 3048 primum
823 2950 980 3024 duorum
1004 2949 1125 3022 medie
1152 2951 1479 3046 proportionalium
1508 2955 1604 3026 inter
1628 2954 1662 3026 S
1669 2957 1748 3036 ÷P
1774 2955 1809 3029 ἃ
1837 2958 1871 3030 S

409 3071 457 3143 ad
477 3071 511 3143 S
517 3071 603 3150 ÷P.
675 3069 728 3142 Et
754 3069 909 3152 inverse,
929 3067 1008 3138 axis
1035 3064 1245 3162 principalis
1272 3065 1444 3162 ellipseos
1465 3070 1560 3143 circa
1578 3096 1711 3167 corpus
1730 3072 1866 3147 mobile

409 3187 605 3282 descriptae
636 3186 705 3258 erit
734 3186 782 3258 ad
814 3210 922 3256 axem
958 3182 1198 3279 principalem
1233 3185 1428 3279 descriptae
1463 3187 1557 3258 circa
1593 3186 1789 3275 immobile,
1825 3207 1867 3264 ut

409 3304 443 3375 S
449 3305 528 3384 ÷P
553 3303 601 3375 ad
620 3303 780 3398 primum
806 3301 964 3373 duorum
991 3300 1113 3373 medie
1139 3300 1467 3396 proportionalium
1495 3303 1590 3376 inter
1615 3305 1649 3376 S
1656 3307 1734 3385 ÷P
1760 3305 1796 3378 ἃ
1823 3309 1863 3381 S.

409 3420 452 3510 Q.
468 3421 577 3496 El).

501 3756 911 3865 'PROPOSITIO
958 3791 1078 3867 [Χῖ.
1151 3790 1507 3867 THEOREMA
1555 3796 1728 3872 xx1v.

406 4006 457 4078 Si
485 4015 638 4101 corpora
668 4003 739 4077 dua
773 4005 916 4078 uiribus
948 4005 1134 4102 quibusvis
1166 4030 1202 4078 se
1234 4016 1361 4079 mutua
1395 4009 1590 4100 trahentia,
1626 4039 1736 4109 neque
1766 4016 1863 4091 alcas

408 4192 416 4208 Ι
455 4143 598 4239 agitata
638 4142 697 4214 uel
734 4140 916 4235 c'rnpedita,
943 4140 1261 4237 'quamaduuuque
1300 4149 1538 4226 mennatum
1580 4152 1697 4217 matus
1738 4173 1862 4222 earum

444 4275 601 4372 perinde
615 4300 651 4349 se
673 4275 859 4359 habebunt,
886 4299 927 4345 ac
955 4272 991 4346 si
1014 4300 1086 4346 aaa
1114 4273 1302 4347 traherent
1324 4301 1360 4348 se
1383 4284 1519 4360 mutua,
1537 4275 1601 4348 sed
1622 4287 1819 4375 utrumque
1835 4308 1860 4354 a

452 4421 598 4505 corpore
613 4408 720 4482 tertia
746 4409 786 4480 iu
812 4408 997 4479 communi
1012 4409 1216 4504 grauitatis
1233 4409 1560 4481 centra-constituta
1580 4411 1719 4484 vc'ribus
1736 4414 1860 4488 iisdem

454 4543 670 4618 traheretur.
731 4544 789 4615 Et
805 4541 944 4614 uirium
963 4539 1188 4612 tralccutiurn
1205 4539 1325 4613 eadem
1342 4541 1415 4612 erit
1431 4541 1489 4614 lex
1505 4551 1658 4636 respectu
1675 4545 1861 4621 distantiae

452 4685 643 4769 carporum
660 4702 684 4746 a
699 4683 822 4747 centra
839 4674 904 4746 aa
920 4672 1106 4745 communi
1127 4681 1237 4770 atque
1261 4683 1415 4767 respectu
1432 4675 1618 4750 distantia
1634 4679 1744 4752 tatius
1761 4682 1862 4755 inter

451 4820 609 4904 corpora.
