4088 5768
849 393 1183 454 transtrorum.
1302 473 1305 480 Ι
1699 413 1744 485 ²7

289 612 507 686 progressus
532 587 639 661 cunei
665 586 869 661 secundum
895 586 1241 660 determinationem
1268 585 1326 658 vis
1351 610 1375 658 a
1399 582 1533 660 malleo
1559 585 1596 659 in
1623 587 1744 684 ipsum

290 705 488 800 impressae,
515 703 564 777 ad
594 700 828 779 velocitatem
859 728 934 801 qua
957 721 1082 800 partes
1107 703 1198 802 ligni
1224 704 1361 777 cedunt
1386 728 1513 790 cuneo,
1540 706 1744 779 secundum

289 823 404 896 lineas
431 822 595 896 faciebus
621 824 727 897 cunei
752 819 1084 920 perpendiculares.
1141 823 1195 895 Et
1219 847 1287 917 par
1306 835 1365 895 est
1381 822 1475 895 ratio
1492 822 1744 896 machinarum

290 940 466 1013 omnium.

360 1056 509 1129 Harum
527 1055 690 1129 efficacia
708 1055 744 1129 dc
769 1081 859 1129 usus
885 1054 923 1128 in
948 1079 995 1128 eo
1020 1051 1101 1128 solo
1118 1053 1293 1140 consistit,
1312 1067 1354 1127 ut
1378 1052 1620 1128 diminuendo
1641 1053 1742 1129 velo·

290 1175 438 1247 citatem
467 1197 668 1270 augeamus
698 1171 785 1258 vim,
818 1172 855 1245 81
880 1186 1032 1246 contra:
1067 1172 1182 1246 Unde
1208 1169 1365 1245 solvitur
1391 1170 1428 1244 in
1450 1172 1551 1273 omni
1572 1187 1744 1268 aptorum

291 1291 616 1363 instrumentorum
644 1312 782 1385 genere
812 1286 1012 1383 problema,
1043 1288 1190 1362 Datum
1209 1287 1359 1385 pondus
1386 1287 1477 1360 dala
1505 1289 1546 1361 vi
1570 1289 1744 1380 movenda,

291 1404 449 1477 aliamve
479 1404 605 1476 datam
636 1403 883 1478 resistentiam
913 1404 951 1476 vi
979 1404 1067 1477 data
1096 1404 1305 1501 superandi.
1362 1403 1464 1477 Nam
1497 1405 1529 1478 si
1564 1406 1744 1480 machinae

292 1523 343 1595 ita
371 1521 584 1607 formentur,
611 1535 653 1593 ut
681 1517 896 1594 velocitates
926 1520 1072 1617 agentis
1102 1520 1138 1594 81
1165 1513 1368 1597 resistentis
1393 1523 1468 1596 sint
1492 1523 1678 1619 reciproce
1704 1538 1746 1595 ut

291 1639 413 1724 vires;
443 1662 561 1735 agens
583 1637 828 1710 resistentiam
849 1638 1071 1711 sustinebit:
1103 1637 1139 1711 81
1157 1640 1286 1737 majori
1305 1664 1389 1712 cum
1411 1638 1647 1713 velocitatum
1669 1640 1766 1721 dis-1

292 1755 447 1850 paritate
477 1753 635 1826 eandem
666 1753 798 1827 vincet
849 1753 975 1826 'Certe
1005 1754 1037 1827 si
1067 1769 1170 1828 tanta
1192 1755 1241 1828 sit
1269 1755 1508 1831 velocitatum
1537 1758 1743 1854 disparitas,

291 1886 333 1944 ut
365 1871 535 1944 vincatur
567 1870 680 1943 etiam
714 1871 923 1945 resistentia
956 1873 1085 1958 omnis,
1117 1898 1201 1968 quae
1232 1887 1309 1946 tam
1339 1900 1387 1947 ex
1420 1875 1677 1972 contiguorum
1708 1874 1745 1948 81

293 1989 387 2061 inter
413 2012 454 2060 se
481 1986 683 2060 labentium
710 2013 904 2084 corporum
930 1989 1127 2075 attritione,
1147 2015 1258 2085 quam
1285 2016 1333 2064 ex
1355 1991 1612 2065 continuorum
1639 1990 1675 2064 81
1697 1993 1745 2065 ab

292 2105 450 2178 invicem
480 2090 770 2200 separandorum
800 2107 1010 2180 cohaesione
1040 2105 1077 2179 82
1106 2103 1372 2180 elevandorum
1403 2107 1629 2203 ponderibus
1659 2109 1745 2182 oriri

291 2218 406 2307 solet;
444 2236 618 2316 superata
647 2222 748 2294 omni
778 2248 824 2296 ea
857 2223 1072 2309 resistentia,
1104 2224 1162 2297 vis
1196 2223 1407 2296 redundans
1441 2221 1745 2296 accelerationem

292 2355 414 2412 motus
444 2339 514 2411 sibi
544 2337 867 2435 proportionalem,
898 2340 1031 2435 partim
1064 2340 1101 2412 in
1129 2341 1296 2437 partibus
1324 2338 1513 2425 machinae,
1541 2340 1676 2435 partim
1708 2340 1745 2413 in

292 2482 444 2553 corpore
479 2456 673 2530 resistente
710 2456 899 2553 producet.
972 2457 1158 2531 Caeterum
1194 2457 1445 2531 mechanicam
1480 2472 1636 2531 tractare
1671 2483 1745 2531 non

291 2590 349 2647 est
376 2574 484 2672 hujus
508 2574 673 2648 instituti.
731 2574 848 2646 Hisce
865 2571 966 2647 volui
992 2589 1135 2648 tantum
1162 2575 1366 2659 ostendere,
1385 2599 1498 2671 quam
1523 2572 1597 2649 late
1619 2590 1746 2672 pateat

291 2717 478 2788 quamque
495 2708 595 2765 certa
612 2692 660 2764 sit
681 2688 742 2764 lex
759 2690 866 2764 tertia
889 2707 1021 2765 motus.
1078 2690 1180 2763 Nam
1201 2691 1232 2764 si
1255 2691 1457 2765 aestimetur
1478 2691 1623 2789 agentis
1648 2691 1745 2765 actio

291 2835 339 2883 ex
369 2810 449 2907 ejus
476 2810 514 2882 vi
545 2808 582 2882 81
609 2807 806 2882 velocitate
836 2807 1079 2905 conjunctim;
1119 2806 1155 2880 81
1184 2807 1352 2882 similiter
1378 2807 1581 2883 resistentis
1609 2810 1746 2883 reactio

292 2927 495 3001 aestimetur
524 2927 747 3024 conjunctim
778 2950 825 2998 ex
859 2924 939 3020 ejus
970 2924 1129 3019 partium
1163 2924 1390 3023 singularum
1420 2923 1678 2998 velocitatibus
1708 2925 1745 2999 81

291 3044 432 3118 viribus
459 3044 653 3118 resistendi
681 3044 729 3117 ab
756 3066 882 3116 earum
910 3041 1106 3127 attritione,
1134 3042 1353 3133 cohaesione,
1374 3043 1549 3139 pondere,
1572 3043 1609 3116 8ι
1628 3043 1742 3117 accel-

291 3162 456 3235 eratione
490 3161 677 3245 oriundis;
712 3175 820 3232 erunt
849 3159 946 3232 actio
977 3158 1013 3232 81
1043 3159 1188 3246 reactio,
1222 3160 1259 3233 in
1288 3160 1389 3233 omni
1420 3160 1744 3235 instmmentorum

292 3305 371 3368 usu,
403 3279 473 3351 sibi
505 3278 663 3352 invicem
690 3302 838 3373 semper
867 3275 1039 3373 aequales
1095 3277 1148 3350 Et
1178 3293 1361 3374 quatenus
1391 3278 1488 3351 actio
1518 3293 1746 3376 propagatur

292 3421 359 3493 per
388 3397 670 3469 instrumentum
702 3394 739 3467 8ι
773 3393 900 3469 ultimo
929 3394 1150 3490 imprimitur
1179 3395 1216 3470 in
1247 3420 1380 3490 corpus
1414 3421 1525 3469 omne
1559 3397 1742 3483 resistens,

292 3513 372 3608 ejus
419 3509 548 3585 ultima
596 3512 855 3586 determinatio
899 3512 1197 3587 determinationi
1242 3512 1437 3587 reactionis
1480 3538 1629 3609 semper
1675 3514 1744 3588 erit

291 3628 482 3702 contraria.
