4110 5782
402 437 473 522 246
883 429 950 487 ne
969 428 1381 489 noruconponun

398 629 470 702 cati
505 653 572 724 per
605 651 799 700 numerum
835 621 1111 697 intervallorum
1146 624 1242 696 inter
1277 623 1376 719 ipsos
1412 623 1448 695 81
1483 622 1684 696 terminum
1715 622 1853 696 datum.

398 744 520 817 Sunto
539 744 587 832 A,
609 744 649 830 B,
670 744 712 834 C,
736 743 783 828 D,
805 742 849 827 E,
872 741 903 813 F
923 741 1096 813 continue
1114 739 1430 837 proportionales;
1450 739 1485 811 &
1503 740 1534 812 si
1553 739 1662 813 detur
1679 741 1858 813 terminus

401 861 444 950 C,
464 877 663 934 momenta
690 858 913 956 reliquorum
941 859 1181 932 terminorum
1209 873 1317 932 erunt
1348 858 1442 930 inter
1475 883 1515 930 se
1551 872 1591 929 ut
1608 880 1683 928 -2
1711 857 1857 947 n,-B,

403 979 451 1064 D,
472 979 553 1065 2E,
575 979 653 1071 3F.
1400 1056 1404 1074 ‚

468 1096 586 1168 Corol.
609 1120 639 1168 2.
672 1095 724 1166 Et
753 1094 783 1166 si
812 1094 848 1166 in
881 1108 1039 1189 quatuor
1068 1091 1403 1189 proportionalibus
1433 1091 1518 1164 duae
1549 1093 1682 1165 mediae
1713 1091 1857 1178 dentur,

399 1227 587 1286 momenta
604 1227 852 1284 extremarum
871 1227 979 1283 erunt
996 1227 1036 1284 ut
1054 1211 1197 1284 eaedem
1211 1226 1398 1284 extremae.
1455 1208 1560 1283 Idem
1576 1208 1857 1308 intelligendum

401 1345 458 1422 est
476 1328 524 1402 de
542 1328 717 1401 lateribus
736 1327 938 1425 rectanguli
957 1330 1206 1426 cujuscunque
1225 1328 1311 1401 dati.

470 1448 586 1521 Corol.
608 1470 639 1538 3.
675 1446 727 1518 Et
745 1446 775 1518 si
793 1471 939 1518 summa
956 1443 1016 1518 vel
1035 1445 1242 1519 differentia
1268 1445 1424 1518 duorum
1451 1444 1714 1542 quadratorum
1740 1446 1857 1531 detur,

401 1579 590 1638 momenta
608 1561 764 1636 laterum
782 1579 891 1636 enmt
908 1562 1094 1659 reciproce
1110 1577 1152 1634 ut
1169 1560 1292 1635 latera.

1028 1864 1227 1937 Scholium.

470 2047 513 2120 In
532 2044 689 2143 epistola
707 2045 867 2143 quadam
882 2044 928 2117 ad
946 2045 997 2119 D.
1016 2043 1062 2135 J.
1081 2045 1283 2117 Collmium
1301 2059 1502 2117 nostratem
1527 2068 1570 2118 10
1591 2045 1742 2117 Decem.
1766 2050 1856 2138 1672

398 2164 495 2249 data,
531 2189 616 2236 cum
650 2162 928 2259 descripsissem
972 2160 1190 2234 methodum
1226 2162 1457 2259 tangentium
1499 2188 1610 2258 quam
1645 2163 1861 2258 suspicabar

396 2279 554 2354 eandem
578 2306 661 2353 esse
688 2306 771 2353 cum
801 2277 979 2352 methodo
1005 2277 1130 2349 Slusii
1153 2292 1231 2349 tum
1258 2278 1423 2351 nondum
1455 2280 1745 2367 communicata;
1773 2280 1858 2351 sub-

392 2398 525 2495 junxi:
576 2398 661 2470 Hoc
694 2406 744 2469 est
777 2422 894 2468 urium
919 2395 1157 2490 particulare
1189 2395 1247 2466 vel
1279 2396 1519 2468 corollarium
1544 2397 1673 2491 potius
1706 2397 1863 2469 methodi

296 2509 310 2532 ⁰
389 2514 583 2611 generales,
608 2539 689 2609 qua
711 2513 871 2585 extendit
894 2538 930 2584 sc
952 2512 1048 2583 citra
1074 2513 1261 2583 molestum
1287 2512 1407 2586 ullum
1436 2513 1625 2602 calculum,
1658 2498 1731 2585 non
1758 2513 1861 2585 modo

395 2632 448 2703 ad
460 2631 661 2703 ducendum
675 2639 858 2726 tangentes
870 2628 923 2700 ad
930 2629 1077 2724 quasm's
1088 2653 1221 2700 curvas
1232 2628 1306 2700 sive
1314 2630 1546 2724 geancetricas
1557 2630 1630 2701 siae
1642 2630 1862 2703 mechanicas

398 2750 456 2822 vel
485 2746 795 2844 quomodocunque
834 2754 948 2817 rectas
981 2745 1097 2816 lineas
1129 2745 1266 2849 aliusne
1302 2770 1433 2818 cccmus
1472 2745 1699 2840 respicientes,
1735 2728 1861 2819 verum

397 2865 508 2936 etiam
533 2864 587 2935 ad
599 2863 844 2936 resolvendum
870 2861 948 2934 alia
973 2860 1201 2933 abstrusiora
1217 2862 1488 2956 problematum
1506 2888 1644 2958 gerrem
1669 2863 1712 2935 de
1739 2864 1859 2936 accrvi-

397 2982 543 3069 tatibus,
561 2981 669 3069 areis,
696 2979 996 3076 longitudirn'bus,
1023 2978 1155 3051 centris
1177 2979 1385 3074 grauitatis
1413 3005 1616 3051 cremeram
1647 2981 1720 3057 &a
1754 3006 1864 3076 neque
1939 3046 1946 3057 .

399 3098 715 3194 (quemadmodum
762 3097 799 3169 H
806 3096 956 3168 uddenii
988 3095 1171 3169 methodus
1205 3096 1248 3168 de
1289 3097 1460 3169 mammis
1504 3098 1552 3173 ἐφ’
1594 3096 1780 3186 minimis)
1812 3097 1865 3168 ad

395 3215 489 3288 solas
531 3214 779 3310 restringitur
810 3213 1023 3308 aquationes
1057 3214 1144 3286 illas
1185 3240 1266 3310 qua
1306 3214 1576 3310 quantitatibus
1616 3214 1741 3286 surdis
1772 3223 1862 3286 sunt

399 3332 586 3406 immunes.
657 3332 772 3403 Hanc
806 3329 1009 3402 methodum
1043 3330 1242 3402 intertexui
1272 3332 1386 3404 alteri
1417 3332 1483 3403 isti
1512 3357 1586 3426 qua
1614 3332 1860 3426 aquationum

400 3449 554 3545 exegesim
572 3448 726 3521 instituo
743 3446 936 3521 reducendo
952 3472 1011 3518 cas
1026 3446 1079 3518 ad
1090 3447 1195 3518 series
1222 3447 1400 3543 infinitas.
1471 3447 1665 3520 Hactenus
1693 3446 1858 3543 epistola.

403 3567 454 3639 Et
485 3565 565 3639 haec
596 3564 724 3638 ultima
754 3565 869 3638 verba
903 3579 1072 3659 spectant
1106 3564 1153 3636 ad
1186 3580 1381 3637 tractatum
1412 3590 1523 3662 quem
1555 3591 1652 3638 anno
1689 3572 1776 3657 1671
1813 3566 1861 3638 de

400 3681 458 3754 his
490 3682 599 3754 rebus
625 3683 851 3779 scripseram.
924 3682 1096 3754 Methodi
1114 3690 1205 3757 vero'
1231 3683 1339 3780 hujus
1365 3683 1548 3780 generalis
1579 3683 1861 3756 fundamentum

400 3801 610 3874 continetur
627 3800 663 3871 in
682 3798 856 3872 lemmate
874 3799 1117 3895 praecedente.

571 4112 948 4187 PROPOSITIO
994 4115 1129 4189 VIII.
1204 4115 1561 4191 THEOREMA
1608 4118 1686 4191 VI.

401 4296 451 4369 Si
489 4307 619 4393 corpus
652 4296 693 4368 in
730 4297 843 4369 medio
877 4296 1068 4390 uniformi,
1098 4298 1287 4393 gravitate
1319 4299 1562 4393 uniformiter
1592 4309 1724 4396 agente,
1769 4309 1865 4371 recta

452 4430 621 4502 ascendat
649 4430 707 4502 ael
732 4429 923 4519 descendat,
952 4432 1000 4507 &³
1028 4433 1190 4526 „palium
1216 4442 1332 4505 totum
1362 4435 1580 4530 descriptum
1609 4436 1868 4531 distinguatur

456 4563 496 4635 in
514 4573 643 4659 partes
670 4567 829 4661 (equales.
861 4564 971 4660 inque
990 4566 1193 4662 principiis
1222 4568 1459 4665 singularum
1479 4572 1656 4666 partium
1685 4570 1865 4659 (addmdo

453 4696 692 4770 resistentiam
735 4699 847 4771 medii
885 4698 939 4770 ad
978 4700 1053 4771 vim
1088 4702 1300 4797 grauitatis,
1340 4706 1486 4800 qnando
1527 4716 1656 4802 corpus
1697 4705 1864 4789 ascendit,

450 4831 508 4902 vel
552 4829 775 4903 subducendo
821 4833 938 4929 ipsam
984 4836 1130 4930 quando
1180 4848 1309 4933 corpus
1358 4840 1553 4930 descendit)
1604 4840 1867 4935 investigentur
