4110 5782
428 417 504 484 4²4
881 397 948 454 DE
971 397 1016 454 M
1018 396 1137 454 ONDI
1157 395 1429 454 SYSTEMATE

433 571 686 667 posteriorum.
754 571 920 646 Variatio
948 570 1113 644 satellitis
1142 598 1163 645 e
1186 573 1277 670 jove
1305 573 1460 670 spectati
1488 573 1619 645 estad
1648 573 1896 647 variationem

434 690 534 762 lunae
565 704 608 761 ut
637 703 724 762 sunt
754 689 802 762 ad
835 690 993 762 invicem
1024 689 1091 762 toti
1124 704 1245 763 motus
1277 691 1460 763 nodorum
1496 690 1725 786 temporibus
1757 693 1898 787 quibus

434 803 583 878 satelles
603 803 639 877 dc
657 803 744 876 luna
762 804 810 877 ad
837 804 953 879 solem
972 805 1221 891 revolvuntur,
1241 808 1425 901 peridem
1452 806 1705 895 corollarium3
1733 808 1897 904 ideoque

377 921 380 928 ’
435 923 472 994 in
491 920 648 995 satellite
666 922 806 995 extimo
824 948 897 995 non
912 938 1063 1019 superat
1082 945 1100 1016 5

1105 921 1128 956 ΙΙ
1151 948 1162 995 I
1173 915 1249 997 2ΙΙΙ.4

566 1153 938 1228 PROPOSITIO
992 1154 1163 1231 XXIV.
1236 1155 1593 1230 THEOREMA
1640 1140 1769 1229 XIX.

540 1328 706 1399 Fluxum
727 1329 775 1405 &³
797 1325 981 1424 rrstuxum
999 1327 1115 1400 aizoris
1131 1327 1176 1399 ab
1193 1329 1393 1402 actionibus
1408 1328 1494 1402 solis
1511 1355 1552 1401 ac
1572 1330 1672 1401 lance
1686 1328 1791 1401 oriri.

509 1505 617 1579 Mare
634 1505 787 1605 singulis
805 1507 936 1581 diebus
955 1523 1030 1581 tam
1049 1505 1235 1581 lunaribus
1250 1534 1361 1605 quam
1380 1507 1560 1582 solaribus
1577 1509 1634 1582 bis
1654 1509 1900 1581 intumescere

442 1620 580 1695 debere
609 1648 651 1695 ac
680 1624 737 1697 bis
760 1623 923 1696 defluere
951 1638 1054 1720 patet
1081 1649 1149 1718 per
1175 1623 1283 1696 corol.
1311 1624 1409 1717 19&
1440 1648 1487 1697 20
1505 1650 1608 1720 prop.
1629 1648 1718 1696 var
1735 1623 1795 1696 lib.
1822 1647 1835 1694 1
1859 1637 1903 1695 ut

442 1737 478 1810 8z
496 1763 603 1847 aquae
622 1740 821 1813 maximam
839 1738 1081 1826 altitudinem,
1102 1742 1137 1814 in
1157 1741 1319 1813 maribus
1339 1741 1530 1837 profundis
1553 1740 1748 1825 &liberis
1767 1737 1899 1835 appul-

441 1881 523 1927 sum
542 1855 775 1929 luminarium
794 1858 841 1931 ad
862 1859 1105 1931 meridianum
1132 1857 1201 1931 loci
1220 1859 1351 1932 minori
1370 1884 1481 1955 quam
1500 1883 1568 1931 sex
1585 1857 1757 1931 horarum
1777 1856 1900 1951 spatio

441 1973 556 2068 sequi,
576 1974 628 2046 uti
648 1974 689 2047 fit
708 1974 743 2046 in
763 1975 872 2047 maris
890 1975 1085 2048 Atlantici
1105 1974 1141 2047 8z
1158 1975 1371 2071 AEllnopz'ci
1385 1991 1502 2048 tractu
1522 1990 1600 2049 toto
1618 1973 1785 2048 orientali
1804 1975 1902 2046 inter

445 2089 613 2161 Gallzirm
637 2088 673 2162 &
699 2092 991 2186 promontorium
1016 2093 1133 2163 Bonae
1159 2092 1248 2186 Spei
1262 2106 1303 2164 ut
1331 2092 1367 2165 8z
1395 2092 1431 2164 in
1461 2093 1571 2164 maris
1598 2091 1754 2188 Pacifici
1776 2089 1902 2163 littore

445 2202 661 2278 Cln'lensi&
678 2207 912 2281 Peruviano:
940 2207 1129 2304 inquibus
1156 2193 1326 2280 omnibus
1355 2206 1538 2280 littoribus
1565 2223 1678 2280 aestus
1707 2207 1743 2279 in
1770 2206 1900 2279 horam

443 2322 586 2421 circiter
622 2325 821 2398 secundam
854 2325 1000 2397 tertiam
1031 2321 1090 2396 vel
1126 2341 1294 2421 quartam
1327 2325 1463 2412 incidit,
1495 2327 1562 2398 nisi
1594 2326 1656 2397 ubi
1696 2338 1820 2397 motus
1852 2323 1901 2396 ab

442 2465 582 2514 oceano
599 2442 784 2537 profundo
802 2467 869 2537 per
885 2441 966 2514 loca
979 2443 1120 2516 vadosa
1138 2458 1364 2540 propagatus
1382 2469 1500 2538 usque
1519 2445 1566 2516 ad
1585 2444 1713 2517 horam
1733 2442 1901 2538 quintam

443 2573 587 2631 sextam
615 2560 812 2654 septimam
840 2572 905 2630 aut
932 2557 1027 2630 ultra
1055 2558 1270 2631 retardatur.
1329 2559 1454 2633 Horas
1484 2586 1638 2634 numero
1666 2559 1714 2632 ab
1742 2558 1900 2654 appulsu

442 2671 630 2747 luminaris
649 2676 839 2771 utriusque
866 2675 913 2748 ad
941 2676 1183 2747 meridianum
1210 2675 1289 2760 loci,
1310 2690 1385 2748 tam
1414 2677 1506 2749 insra
1532 2676 1759 2750 horizontem
1788 2700 1900 2772 quam

442 2818 564 2887 supra,
596 2794 631 2866 &
661 2819 729 2889 per
759 2794 868 2867 horas
899 2794 972 2866 diei
1002 2792 1138 2866 lunaris
1170 2792 1336 2892 intelligo
1366 2795 1567 2893 vigesimas
1598 2812 1748 2891 quartas
1776 2811 1902 2891 partes

444 2909 620 3003 temporis
639 2934 714 3004 quo
731 2907 818 2982 luna
836 2925 938 2983 motu
957 2924 1159 3005 apparente
1177 2910 1310 2983 diurno
1334 2910 1381 2982 ad
1409 2912 1653 2983 meridianum
1681 2908 1750 2984 loci
1780 2936 1902 2984 rever-

443 3026 540 3098 titur.
596 3025 665 3097 Vis
696 3025 783 3098 solis
810 3026 869 3098 vel
901 3024 997 3098 lunae
1026 3025 1073 3098 ad
1102 3051 1204 3098 mare
1232 3024 1453 3100 elevandum
1483 3027 1645 3100 maxima
1672 3044 1729 3101 est
1755 3029 1792 3100 in
1820 3029 1903 3124 ipso

443 3139 600 3237 appulsu
618 3141 807 3215 luminaris
826 3143 873 3215 ad
901 3143 1143 3216 meridianum
1171 3142 1250 3216 loci.
1305 3144 1382 3217 Sed
1410 3145 1467 3216 vis
1493 3169 1539 3218 eo
1557 3161 1724 3240 tempore
1744 3145 1780 3216 in
1799 3170 1903 3218 mare

445 3259 625 3355 impressa
654 3275 781 3332 manet
811 3259 1036 3355 aliquamdiu
1069 3259 1105 3330 ἃ
1136 3258 1296 3353 pervim
1327 3284 1463 3333 novam
1495 3261 1653 3334 subinde
1684 3263 1903 3357 impressam

444 3393 609 3475 augetur,
639 3377 757 3451 donec
789 3403 889 3449 mare
913 3377 966 3448 'ad
997 3375 1229 3447 altitudinem
1258 3376 1456 3449 maximam
1485 3378 1702 3467 ascenderit,
1734 3379 1770 3450 id
1799 3379 1901 3473 quod

444 3494 508 3567 fiet
525 3495 646 3590 spatio
664 3495 765 3568 horae
783 3494 891 3566 unius
910 3493 1114 3565 duarumve
1133 3493 1199 3565 sed
1220 3494 1356 3588 saepius
1374 3493 1421 3565 ad
1448 3492 1572 3566 littora
1589 3495 1710 3589 spatio
1728 3494 1902 3567 horarum

441 3612 550 3683 trium
569 3613 711 3684 circiter
728 3610 787 3683 vel
806 3612 917 3683 etiam
936 3607 1094 3706 plurium
1113 3611 1143 3681 si
1164 3635 1263 3682 mare
1281 3611 1328 3682 sit
1346 3610 1537 3685 vadosum.

513 3717 642 3808 Motus
672 3750 796 3806 autem
829 3732 914 3818 bini,
947 3758 1040 3828 quos
1069 3730 1261 3804 luminaria
1292 3731 1367 3804 duo
1398 3732 1568 3818 excitant,
1602 3758 1675 3807 non
1707 3748 1905 3805 cernentur

442 3850 625 3939 distincte,
658 3852 724 3924 sed
760 3868 901 3924 motum
933 3848 1120 3944 quendam
1156 3848 1311 3920 mixtum
1347 3847 1516 3922 efficient.
1588 3850 1630 3921 In
1667 3849 1902 3922 luminarium

443 3971 700 4067 conjunctione
730 3969 789 4041 vel
822 3968 1055 4063 oppositione
1086 3967 1356 4062 conjungentur
1386 3992 1513 4039 eorum
1542 3967 1704 4052 effectus
1737 3966 1773 4038 dt
1802 3992 1902 4039 com-

443 4105 602 4184 ponetur
636 4089 756 4159 tluxus
792 4087 828 4157 dt
864 4085 1024 4157 refluxus
1060 4083 1253 4154 maximus.
1324 4083 1366 4154 In
1398 4084 1632 4178 quadraturis
1667 4083 1721 4156 sol
1757 4081 1904 4156 attollet

442 4230 577 4302 aquam
622 4205 683 4275 ubi
727 4203 813 4275 luna
852 4202 1036 4296 deprimit,
1073 4201 1330 4295 deprimetque
1365 4201 1426 4272 ubi
1463 4200 1550 4273 luna
1584 4201 1739 4286 attollit;
1783 4200 1819 4272 ἃ
1853 4226 1903 4273 ex

443 4322 640 4395 effectuum
668 4319 873 4392 differentia
900 4334 1013 4390 aestus
1040 4318 1204 4389 omnium
1233 4318 1405 4389 minimus
1434 4316 1580 4391 orietur.
1638 4317 1691 4389 Et
1717 4317 1903 4412 quoniam,

443 4438 671 4533 experientia
697 4453 801 4520 teste,
830 4437 947 4532 major
974 4450 1030 4507 cst
1057 4434 1210 4506 effectus
1237 4433 1333 4506 lunae
1363 4460 1475 4529 quam
1505 4433 1601 4518 solis
1631 4434 1768 4506 incidet
1795 4459 1905 4528 aquae

442 4556 603 4626 maxima
629 4552 784 4626 altitudo
804 4554 839 4625 in
859 4552 988 4625 horam
1016 4552 1160 4625 tertiam
1188 4549 1352 4622 lunarem
1380 4552 1530 4624 circiter.
1591 4551 1710 4622 Extra
1728 4551 1901 4646 syzygias

443 4670 479 4742 ἅν
509 4670 761 4764 quadraturas,
789 4686 902 4741 aestus
935 4669 1118 4741 maximus
1149 4668 1211 4762 qui
1243 4666 1321 4739 sola
1348 4667 1385 4739 vi
1417 4666 1533 4738 lunari
1566 4666 1727 4739 incidere
1756 4692 1906 4761 semper

441 4788 595 4860 deberet
622 4788 656 4859 in
678 4789 803 4860 horam
825 4788 969 4859 tertiam
995 4785 1171 4870 lunarem,
1192 4785 1227 4857 n
1255 4783 1334 4858 sola
1360 4783 1469 4857 solari
1498 4784 1532 4855 in
1561 4785 1706 4857 tertiam
1734 4783 1903 4870 solarem,
