4110 5782
489 435 534 504 82
969 425 1464 491 neruorucorponmu

488 612 608 684 nicam
643 636 710 706 per
742 610 874 684 eadem
901 610 1065 709 quinque
1091 626 1228 705 puncta
1252 609 1300 694 B,
1323 609 1363 695 C,
1382 610 1435 695 A,
1454 620 1495 706 p,
1520 611 1566 697 P,
1594 627 1855 700 transeuntem,
1884 616 1947 688 ubi

487 742 664 824 punctum
695 726 751 798 M
774 741 954 823 perpetuo
986 727 1105 824 tangit
1134 725 1269 799 lineam
1295 742 1442 799 rectam.
1516 728 1620 826 Ergo
1637 729 1731 802 ‘duae
1765 732 1949 807 sectiones

487 847 624 919 conicae
642 846 850 918 transibunt
866 870 934 941 per
959 844 1091 918 eadem
1108 844 1272 941 quinque
1297 861 1443 940 puncta,
1463 860 1589 917 contra
1613 845 1711 919 coro!
1731 870 1763 939 3.
1784 844 1945 923 lemmat

488 986 551 1036 xx.
600 962 719 1060 Igitur
735 977 913 1058 punctum
931 962 987 1033 M
997 961 1136 1035 versari
1155 962 1192 1034 in
1210 960 1307 1035 linea
1324 987 1438 1035 curva
1454 961 1656 1034 absurdum
1674 978 1740 1036 est
1789 964 1832 1053 Q.
1841 966 1944 1039 ΕΖ).

645 1219 1001 1296 PROPOSITIO
1047 1219 1204 1294 xxti.
1279 1203 1615 1293 Pn'ossLEMA
1663 1220 1788 1295 XIV.

719 1355 757 1428 Τ
751 1355 982 1453 rojectorium
990 1364 1064 1451 per
1077 1355 1166 1461 dato
1183 1354 1345 1452 quinque
1353 1365 1498 1450 puncta
1513 1355 1712 1431 describere.

558 1538 707 1610 Dentur
723 1551 860 1632 puncta
877 1536 1041 1632 quinque
1058 1536 1112 1622 A,
1130 1535 1177 1621 B,
1201 1536 1239 1621 C,
1259 1536 1305 1620 P,
1324 1536 1375 1608 D.
1447 1534 1512 1608 Ab
1538 1561 1667 1609 eorum
1693 1534 1818 1633 aliquo
1836 1537 1877 1610 A
1896 1537 1944 1611 ad

486 1653 559 1728 alia
575 1655 652 1729 duo
677 1655 820 1751 quaevis
849 1654 896 1740 B,
919 1655 958 1739 C,
977 1679 1062 1750 quae
1087 1651 1163 1750 poli
1194 1652 1437 1738 nominentur,
1468 1678 1539 1751 age
1567 1669 1686 1726 rectas
1712 1656 1754 1727 A
1770 1655 1818 1741 B,
1845 1655 1944 1747 AC,

487 1770 619 1867 hisque
636 1768 828 1867 parallelas
853 1772 891 1842 Τ
894 1771 982 1857 PS,
1000 1770 1134 1859 PRQ
1153 1795 1221 1866 per
1236 1784 1414 1866 punctum
1433 1787 1605 1867 quartum
1622 1771 1668 1844 P.
1746 1771 1898 1846 Deinde
1923 1799 1947 1847 a

484 1885 580 1983 polis
596 1887 743 1962 duobus
760 1888 807 1974 B,
829 1888 864 1960 C
876 1913 947 1986 age
964 1912 1032 1984 per
1054 1902 1231 1983 punctum
1258 1887 1428 1983 quintum
1445 1887 1488 1958 D
1504 1886 1665 1959 infinitas
1683 1887 1776 1960 duas
1793 1889 1885 1961 BD
1901 1889 1942 1976 Τ,

488 2004 571 2079 CR
583 2005 634 2091 D,
661 2005 862 2078 novissime
895 2004 1016 2076 ductis
1047 2003 1085 2074 Τ
1092 2003 1131 2074 Ρ
1142 2004 1183 2090 S,
1201 2004 1239 2075 P
1251 2005 1291 2076 R
1308 2003 1342 2092 Q
1378 2001 1552 2102 (priorem
1582 2004 1695 2100 priori
1726 2004 1763 2077 dt
1788 2006 1955 2101 posteri

484 2147 586 2196 orem
613 2121 821 2220 posteriori)
849 2135 1081 2196 occurrentes
1108 2121 1144 2192 in
1178 2121 1216 2193 T
1236 2120 1273 2193 δι
1298 2120 1346 2193 R.
1421 2120 1596 2217 Denique
1626 2121 1674 2194 de
1704 2122 1813 2194 rectis
1842 2123 1941 2208 PT,

338 2304 342 2310 .
483 2238 570 2323 PR,
588 2254 671 2312 acta
688 2255 788 2313 recta
804 2248 850 2312 tr
861 2239 930 2336 ipsi
952 2239 990 2312 Τ
983 2239 1023 2312 R
1035 2236 1218 2334 parallela,
1233 2238 1409 2310 abscinde
1423 2238 1574 2334 quasvis
1591 2239 1654 2323 Pl,
1669 2239 1733 2310 Pr
1744 2237 1833 2334 ipsis
1850 2239 1941 2326 PT,

483 2355 562 2427 PR
578 2353 890 2452 proportionales;
918 2355 1003 2428 &si
1028 2379 1096 2450 per
1120 2380 1247 2428 earum
1275 2353 1452 2428 terminos
1469 2365 1494 2440 l,
1513 2381 1538 2427 r
1554 2352 1714 2451 &polos
1731 2355 1779 2440 B,
1802 2355 1837 2429 C
1849 2370 1942 2428 actae

483 2470 557 2558 Bt,
580 2473 615 2545 C
622 2499 647 2544 r
663 2487 881 2546 concurrant
898 2471 935 2544 in
959 2471 994 2558 d,
1013 2469 1193 2545 locabitur
1209 2486 1386 2568 punctum
1411 2469 1499 2545 illud
1516 2470 1594 2544 din
1613 2471 1823 2569 trajectoria
1841 2496 1940 2568 quae-

476 4017 555 4091 sita.
612 4015 713 4089 Nam
731 4030 908 4113 punctum
927 4011 1058 4087 illudd
1068 4013 1150 4112 (per
1166 4014 1248 4090 lem.
1271 4014 1352 4113 xic.)
1370 4029 1539 4087 versatur
1556 4012 1593 4086 in
1621 4013 1748 4094 conica
1773 4014 1938 4090 sectione

477 4157 545 4228 per
560 4148 699 4230 puncta
719 4147 878 4230 quatuor
902 4131 956 4218 A,
975 4132 1022 4218 B,
1045 4132 1083 4218 C,
1101 4134 1141 4205 P
1157 4147 1393 4220 transeunte;
1422 4130 1458 4203 81
1483 4130 1589 4204 lineis
1607 4134 1647 4207 R
1654 4158 1683 4219 r,
1710 4133 1748 4203 Τ
1746 4141 1765 4205 t
1779 4158 1935 4206 evanes-

474 4251 651 4336 centibus,
669 4249 744 4322 coit
760 4262 937 4345 punctum
954 4246 1079 4320 deum
1104 4263 1243 4344 puncto
1259 4250 1310 4323 D.
1383 4247 1536 4320 Transit
1561 4272 1652 4346 ergo
1668 4247 1784 4323 sectio
1807 4249 1936 4323 conica

476 4393 543 4463 per
560 4374 697 4464 puncta
713 4367 878 4464 quinque
895 4365 948 4452 A,
963 4365 1012 4455 B,
1031 4365 1070 4454 C,
1084 4368 1130 4453 P,
1145 4366 1196 4454 D.
1252 4367 1296 4457 Q.
1304 4365 1412 4440 ΕΒ.

1075 4566 1179 4640 Idem
1208 4568 1327 4641 aliter.

544 4719 577 4790 E
597 4719 742 4814 punctis
759 4718 857 4792 datis
876 4718 996 4816 junge
1016 4718 1087 4791 tria
1104 4719 1247 4814 quaevis
1265 4718 1318 4805 A,
1333 4719 1380 4806 B,
1398 4718 1433 4792 C
1439 4750 1454 4805 ,·
1480 4717 1516 4790 8r
1541 4717 1677 4790 circum
1703 4717 1779 4791 duo
1805 4742 1935 4792 eorum

473 4836 521 4922 B,
539 4837 578 4921 C,
594 4860 662 4909 ceu
695 4833 811 4931 polos,
839 4835 996 4908 rotando
1030 4833 1187 4933 angulos
1214 4835 1468 4933 magnitudine
1493 4833 1601 4908 datos
1627 4833 1668 4906 A
1679 4833 1719 4905 B
1730 4832 1770 4919 C,
1789 4832 1830 4905 A
1846 4834 1934 4922 CB,
