4110 5782
731 439 872 497 maan
894 439 1145 498 sacurvuus.
1599 458 1668 527 307

283 636 399 708 Corol.
423 659 453 726 3.
486 635 538 706 Et
568 630 831 716 universaliter,
860 633 889 704 si
922 633 1129 705 resistentia
1156 633 1203 705 sit
1235 633 1270 703 in
1304 629 1483 726 triplicata
1509 629 1568 703 vel
1600 628 1671 703 alia

212 752 344 846 quavis
363 753 502 824 ratione
517 750 730 834 velocitatis,
746 749 953 823 differentia
966 750 1035 822 erit
1053 751 1089 821 in
1107 749 1238 822 eadem
1258 749 1399 820 ratione
1414 772 1520 821 arcus
1539 747 1669 820 totius:

215 867 251 939 8ι
269 884 405 940 contra.

283 985 398 1057 Corol.
420 1009 452 1075 4.
485 984 536 1057 Et
553 985 583 1056 si
609 983 817 1057 resistentia
834 982 882 1055 sit
908 981 1041 1076 partim
1066 982 1102 1052 in
1122 983 1262 1054 ratione
1281 980 1436 1076 simplici
1455 979 1669 1064 velocitatis,

212 1099 345 1194 partim
370 1100 406 1171 in
425 1100 591 1196 ejusdem
611 1099 751 1172 ratione
770 1098 964 1193 duplicata,
984 1097 1190 1170 differentia
1214 1099 1284 1170 erit
1310 1099 1443 1193 partim
1468 1098 1504 1169 in
1530 1097 1671 1169 ratione

212 1241 317 1288 arcus
345 1217 457 1288 totius
483 1216 518 1288 &
544 1217 677 1310 partim
706 1215 740 1287 in
766 1217 845 1311 ejus
864 1215 1004 1287 ratione
1029 1214 1238 1309 duplicata:
1269 1213 1304 1286 81
1329 1229 1465 1287 contra.
1524 1211 1670 1284 Eadem

211 1333 280 1404 erit
306 1330 365 1404 lex
393 1333 429 1405 8c
456 1333 549 1405 ratio
577 1332 794 1405 resistentia:
822 1357 888 1426 pro
906 1330 1111 1417 velocitate,
1138 1356 1221 1427 quae
1248 1347 1306 1404 est
1331 1330 1548 1403 differentiae
1576 1328 1670 1401 illius

212 1475 279 1544 pro
296 1447 528 1547 longitudine
547 1474 661 1521 arcus.

289 1566 406 1638 Corol.
431 1587 460 1657 5.
494 1565 659 1659 Ideoque
685 1565 726 1648 si,
751 1560 914 1658 pendulo
941 1562 1142 1658 inaequales
1169 1590 1274 1636 arcus
1301 1564 1509 1635 successive
1536 1561 1668 1634 descri-

211 1683 332 1766 bente,
352 1682 507 1754 inveniri
527 1696 651 1776 potest
669 1682 761 1753 ratio
780 1681 993 1753 incrementi
1013 1705 1056 1752 ae
1074 1681 1298 1753 decrementi
1324 1680 1541 1753 differentiae
1560 1679 1670 1777 hujus

211 1824 279 1893 pro
305 1796 536 1893 longitudine
560 1797 665 1870 arcus
691 1797 886 1891 descripti;
914 1797 1110 1868 habebitur
1127 1798 1237 1868 etiam
1266 1799 1359 1870 ratio
1387 1798 1600 1871 incrementi
1627 1822 1670 1870 ac

211 1913 436 1985 decrementi
456 1913 673 1985 resistentia
692 1939 758 2008 pro
777 1911 973 1985 velocitate
992 1914 1131 2009 majore
1150 1911 1209 1985 vel
1229 1915 1380 1987 minore.

745 2112 930 2184 Sclzolz'um
952 2112 1135 2185 Generale.

280 2264 342 2335 Ex
372 2264 429 2336 his
460 2264 783 2360 propositionibus
815 2289 882 2358 per
912 2262 1159 2336 oscillationes
1191 2262 1437 2358 pendulorum
1471 2263 1506 2333 in
1539 2261 1671 2333 mediis

211 2381 501 2475 quibuscunque,
522 2381 686 2453 invenire
713 2379 798 2453 licet
824 2380 1069 2453 resistentiam
1096 2379 1310 2453 mediorum.
1367 2379 1479 2451 Aeris
1498 2404 1588 2451 vero
1615 2402 1668 2450 re·

212 2497 416 2568 sistentiam
444 2497 665 2593 investigavi
692 2523 759 2592 per
776 2498 1029 2593 experimenta
1056 2496 1258 2591 sequentia.
1314 2493 1478 2568 Globum
1506 2493 1670 2591 ligneum

212 2613 376 2707 pondere
416 2614 604 2685 unciarum
639 2616 899 2686 Romanarum
936 2614 1034 2706 5752,
1073 2613 1254 2684 diametro
1294 2612 1494 2709 digitorum
1529 2610 1669 2683 Londi-

212 2729 376 2801 nensium
401 2730 444 2807 6}
468 2729 695 2819 fabricatum,
716 2729 776 2803 filo
801 2731 901 2803 tenui
926 2731 973 2802 ab
997 2756 1093 2803 unco
1111 2730 1199 2802 satis
1224 2727 1330 2802 firmo
1354 2729 1541 2825 suspendi,
1561 2728 1612 2800 ita
1629 2742 1670 2799 ut

212 2846 307 2918 inter
325 2871 458 2919 uncum
487 2847 523 2919 ἃ
549 2863 715 2920 centrum
733 2846 968 2920 oscillationis
986 2846 1086 2945 globi
1111 2846 1286 2918 distantia
1309 2862 1408 2918 esset
1431 2845 1568 2940 pedum
1593 2842 1666 2922 10l.
1749 2847 1753 2857 ”

214 2962 257 3034 ln
277 2961 339 3035 filo
356 2978 533 3058 punctum
552 2965 678 3036 notavi
706 2963 862 3062 pedibus
888 2964 1017 3036 decem
1046 2963 1081 3035 &
1108 2963 1215 3034 uncia
1239 2987 1311 3034 una
1329 2987 1351 3034 a
1369 2978 1496 3035 centro
1514 2985 1667 3056 suspen-

210 3079 323 3151 sionis
347 3079 509 3167 distans;
539 3079 574 3151 &
592 3105 613 3151 e
631 3081 782 3176 regione
806 3080 931 3174 puncti
957 3078 1051 3151 illius
1075 3077 1251 3151 collocavi
1277 3076 1441 3175 regulam
1469 3078 1505 3149 in
1530 3075 1668 3173 digitos

210 3196 430 3282 distinctam,
467 3221 624 3292 quorum
659 3222 731 3292 ope
767 3213 932 3270 notarem
973 3195 1222 3293 longitudines
1259 3220 1409 3267 arcuum
1444 3218 1467 3265 a
1506 3191 1669 3289 pendulo

210 3312 423 3408 descriptas.
493 3313 642 3385 Deinde
673 3315 863 3387 numeravi
894 3313 1140 3387 oscillationes
1169 3313 1302 3408 quibus
1332 3310 1465 3408 globus
1497 3327 1668 3384 octavam

211 3447 333 3503 motus
357 3431 412 3502 sui
441 3446 583 3526 partem
608 3431 801 3504 amitteret.
857 3431 898 3503 Si
924 3428 1126 3525 pendulum
1154 3429 1408 3502 deducebatur
1427 3454 1450 3501 a
1473 3427 1668 3524 perpendi-

211 3546 293 3620 culo
323 3547 370 3620 ad
398 3547 610 3619 distantiam
637 3548 794 3620 duorum
821 3547 1030 3646 digitorum,
1059 3547 1094 3620 &
1121 3547 1207 3619 inde
1231 3546 1495 3618 demittebatur
1505 3574 1513 3633 ;
1550 3546 1600 3617 ita
1628 3560 1669 3617 ut

211 3680 290 3736 toto
324 3689 392 3736 suo
427 3665 608 3736 descensu
643 3664 868 3738 describeret
906 3689 1031 3735 arcum
1071 3662 1228 3735 duorum
1268 3661 1478 3758 digitorum,
1515 3676 1667 3756 totaque

211 3777 437 3852 oscillatione
468 3780 595 3874 prima,
628 3805 675 3853 ex
705 3781 885 3853 descensu
918 3780 953 3852 ἃ
981 3805 1135 3853 ascensu
1172 3779 1422 3874 subsequente
1452 3778 1666 3873 composita,

211 3920 335 3966 arcum
353 3894 553 3991 digitorum
570 3895 647 3968 sere
661 3913 835 3991 quatuor:
861 3897 958 3969 idem
973 3895 1260 3970 oscillationibus
1280 3903 1348 3986 164
1362 3896 1484 3968 amisit
1496 3911 1667 3970 octavam

211 4024 334 4081 motus
352 4010 407 4080 sui
435 4026 587 4104 partem,
607 4012 658 4082 sic
676 4028 718 4083 ut
743 4012 872 4086 ultimo
890 4038 958 4086 suo
979 4038 1134 4085 ascensu
1158 4012 1383 4085 describeret
1409 4037 1534 4085 arcum
1561 4012 1666 4109 digiti

211 4127 319 4198 unius
337 4152 420 4199 cum
440 4127 555 4198 tribus
573 4129 738 4221 partibus
757 4129 896 4222 quartis
914 4128 1030 4225 digiti.
1077 4128 1118 4200 Si
1137 4129 1257 4224 primo
1274 4129 1454 4202 descensu
1473 4128 1668 4224 descripsit

210 4267 335 4314 arcum
370 4241 571 4339 digitorum
607 4258 784 4337 quatuor;
825 4244 948 4316 amisit
982 4259 1153 4317 octavam
1189 4260 1311 4317 motus
1346 4261 1489 4340 partem
1525 4245 1667 4319 oscilla·

211 4358 372 4430 tionibus
405 4382 482 4443 121,
503 4358 553 4429 ita
579 4374 619 4431 ut
645 4382 799 4431 ascensu
826 4357 955 4433 ultimo
981 4360 1207 4434 describeret
1232 4386 1356 4433 arcum
1383 4361 1583 4458 digitorum
1612 4380 1663 4459 33.

211 4473 251 4545 Si
271 4474 390 4569 primo
408 4473 587 4545 descensu
607 4473 802 4570 descripsit
819 4500 942 4547 arcum
962 4475 1161 4572 digitorum
1185 4492 1280 4566 oct0,
1292 4478 1497 4562 sexdecim,
1516 4478 1667 4575 triginta

209 4589 366 4661 duorum
385 4587 444 4661 vel
463 4589 657 4685 sexaginta
676 4607 834 4686 quatuor
845 4621 852 4680 ;
880 4591 1003 4664 amisit
1025 4608 1195 4665 octavam
1215 4609 1337 4666 motus
1361 4609 1504 4689 partem
1523 4591 1664 4667 oscilla-

211 4706 371 4778 tionibus
401 4713 458 4797 69,
488 4706 566 4799 35l,
597 4707 672 4796 1832,
702 4709 755 4809 93,
785 4709 999 4805 respective.
1057 4709 1176 4806 Igitur
1202 4710 1408 4783 differentia
1435 4710 1530 4783 inter
1559 4735 1665 4784 arcus

211 4821 390 4896 descensu
427 4825 546 4919 primo
577 4824 613 4897 81
644 4851 798 4899 ascensu
830 4825 959 4899 ultimo
994 4826 1208 4923 descriptos
1236 4842 1315 4901 erat
1345 4827 1382 4900 in
1417 4852 1504 4900 casu
1535 4828 1664 4922 primo,
