4088 5768
811 431 950 489 eruere
971 432 1222 491 secuturos.
1675 458 1745 528 313

360 623 545 696 Caeterum
563 620 767 720 globorum,
783 624 916 718 quibus
934 650 1022 696 usus
1041 650 1121 696 sum
1142 626 1177 696 in
1197 626 1253 696 his
1272 624 1542 720 experimentis
1563 630 1747 702 maximus

294 763 367 810 non
386 738 643 833 eratpersecte
661 739 924 834 sphaericus&
943 756 1138 835 propterea
1157 741 1192 812 in
1212 742 1350 816 calculo
1369 745 1426 815 hic
1444 743 1555 817 allato
1574 747 1746 819 minutias

293 854 472 949 quasdam
490 855 681 927 brevitatis
698 856 817 951 gratia
836 855 981 953 neglexi
999 886 1005 943 ;
1033 857 1081 931 de
1095 856 1234 930 calculo
1248 875 1418 933 accurato
1437 862 1472 931 in
1491 862 1746 956 experimento

292 996 366 1045 non
392 972 482 1043 satis
509 988 678 1044 accurato
705 973 854 1045 minime
880 972 1065 1046 sollicitus,
1122 974 1293 1069 Optarim
1321 977 1453 1072 itaque,
1481 1003 1564 1049 cum
1591 977 1744 1050 demon-

290 1088 418 1161 stratio
436 1088 542 1159 vacui
561 1114 608 1159 ex
626 1088 682 1160 his
709 1088 928 1183 dependeat,
948 1105 989 1161 ut
1006 1091 1261 1185 experimenta
1278 1091 1499 1188 cumglobis
1518 1092 1554 1165 &
1580 1091 1745 1188 pluribus

292 1204 328 1276 a
355 1205 553 1301 majoribus
580 1204 616 1276 81
643 1206 761 1301 magis
788 1207 965 1277 accuratis
993 1221 1230 1279 tentarentur.
1285 1208 1327 1280 Si
1356 1207 1458 1305 globi
1484 1225 1677 1282 sumantur
1707 1211 1743 1282 in

291 1322 528 1416 proportione
544 1322 778 1417 geometrica,
798 1338 887 1417 puta
909 1348 1065 1418 quorum
1084 1323 1252 1395 diametri
1271 1324 1345 1396 sint
1361 1324 1560 1421 digitorum
1579 1349 1613 1417 4,
1634 1330 1666 1411 8,
1691 1333 1744 1412 16,

294 1463 337 1531 32
356 1468 363 1526 ;
391 1464 438 1511 ex
456 1439 715 1535 progressione
733 1439 1069 1534 experimentorum
1097 1439 1289 1537 colligetur
1306 1439 1395 1533 quid
1414 1441 1451 1512 in
1476 1438 1597 1537 globis
1624 1442 1745 1513 adhuc

293 1555 491 1649 majoribus
510 1555 659 1626 evenire
677 1554 820 1627 debeat.

357 1671 441 1765 Jam
469 1697 558 1743 vero
584 1671 807 1744 conferendo
835 1672 1061 1744 resistentias
1093 1672 1323 1744 diversorum
1355 1673 1551 1746 fluidorum
1583 1675 1678 1748 inter
1703 1700 1744 1748 se

290 1788 429 1859 tentavi
446 1788 646 1882 sequentia.
703 1787 841 1860 Arcam
855 1787 1014 1886 ligneam
1030 1790 1157 1884 paravi
1177 1789 1407 1886 longitudine
1424 1790 1561 1885 pedum
1576 1806 1742 1885 quatuor,

291 1902 484 1975 latitudine
503 1903 538 1975 81
557 1902 749 1975 altitudine
768 1904 873 1998 pedis
892 1906 1008 1978 unius.
1068 1906 1177 1978 Hanc
1199 1903 1372 2002 operculo
1391 1905 1565 1977 nudatam
1594 1904 1742 2001 implevi

290 2047 388 2116 aqua
405 2021 565 2106 sontana,
584 2021 728 2117 secique
754 2036 795 2092 ut
822 2021 992 2094 immersa
1010 2020 1172 2116 pendula
1199 2023 1233 2093 in
1262 2022 1385 2094 medio
1409 2048 1516 2116 aquae
1543 2021 1744 2095 oscillando

292 2153 537 2210 moverentur.
593 2136 736 2209 Globus
763 2152 886 2208 autem
913 2137 1107 2232 plumbeus
1134 2139 1298 2233 pondere
1328 2139 1416 2215 root
1443 2139 1640 2222 unciamm,
1665 2138 1741 2210 dia-

291 2267 409 2324 metro
437 2271 476 2348 3⁴3
506 2253 704 2348 digitorum
734 2253 952 2325 movebatur
978 2269 1018 2324 ut
1042 2254 1078 2324 in
1111 2253 1234 2325 tabula
1262 2269 1441 2350 sequente
1468 2254 1741 2348 descripsimus

289 2368 471 2440 existente
490 2358 661 2441 videlicet
688 2369 917 2466 longitudine
935 2368 1084 2464 penduli
1103 2395 1125 2441 a
1148 2386 1286 2464 puncto
1304 2371 1536 2466 supensionis
1554 2369 1602 2441 ad
1628 2394 1741 2464 punc-

290 2502 368 2558 tum
391 2486 579 2581 quoddam
607 2487 642 2557 in
671 2486 731 2559 filo
760 2502 926 2558 notatum
960 2492 1026 2557 126
1053 2487 1262 2583 digitorum,
1282 2488 1330 2558 ad
1356 2485 1592 2559 oscillationis
1618 2499 1741 2558 autem

290 2620 457 2677 centrum
483 2623 571 2700 134³}
589 2603 797 2700 digitorum.

290 2839 399 2904 Arcus
413 2841 558 2904 descensu
573 2842 683 2920 primu
698 2863 718 2903 a
735 2852 852 2923 puueto
868 2840 938 2943 iul

324 2943 388 3025 filo
403 2953 510 3006 erutum
525 2944 706 3024 descriptus,
723 2942 930 3038 degz'torum)
963 2903 1006 2981 64
1052 2921 1090 2982 3²
1142 2905 1179 2966 ¹6

290 3044 399 3108 Arcus
423 3067 554 3109 asccusu
579 3048 693 3110 ultime
718 3048 900 3128 descriptus,

332 3148 512 3230 digitorum

288 3252 438 3314 Arcuum
460 3252 644 3333 differentur
661 3253 763 3314 ueotm'
783 3240 935 3340 uurrssul
967 3283 1004 3343 16
1070 3282 1088 3342 3
1155 3299 1177 3358 4
1266 3297 1283 3342 2
1357 3298 1367 3341 ι
1437 3278 1456 3357 g
1538 3279 1556 3359 p

325 3353 585 3434 proportionalis,
602 3354 781 3435 digitorum
913 3342 927 3433 l

289 3455 457 3517 Numerus
474 3454 717 3519 Oscr'llulr'uuum
734 3457 768 3518 r'u
783 3478 868 3537 apuu
1168 3451 1208 3528 {l}
1268 3452 1300 3528 1}
1350 3470 1366 3530 5
1422 3467 1440 3530 7
1500 3449 1557 3528 ΗΞ
1586 3452 1643 3529 12}
1685 3453 1741 3531 13}

290 3558 459 3620 Numerus
477 3556 714 3620 Oscillutr‘ouem
731 3558 764 3619 iu
780 3579 851 3620 uere
961 3561 1019 3641 85}
1130 3559 1190 3638 287
1247 3570 1304 3634 535

961 3095 1002 3172 48
1050 3110 1091 3171 24
1159 3109 1175 3153 2

369 3757 411 3828 ln
443 3757 696 3852 experimento
727 3755 907 3829 columna:
935 3773 1085 3852 quartae,
1114 3771 1236 3828 motus
1266 3751 1428 3850 aequales
1454 3752 1741 3827 oscillationibus

292 3896 361 3968 535
383 3875 417 3946 in
446 3873 658 3957 aere,&1l>
685 3874 720 3944 in
747 3898 845 3968 aqua
871 3873 995 3943 amissi
1022 3887 1115 3944 sunt.
1174 3871 1293 3943 Erant
1319 3870 1468 3966 quidem
1496 3868 1741 3943 oscillationes

289 3993 326 4065 in
348 4016 433 4063 aere
460 3989 570 4085 paulo
588 3989 779 4062 celeriores
807 4015 918 4084 quam
947 3990 981 4060 in
1010 4013 1115 4083 aqua.
1172 3987 1226 4058 At
1252 3987 1282 4058 si
1309 3985 1554 4059 oscillationes
1582 3988 1617 4058 in
1645 4012 1742 4082 aqua

290 4109 326 4180 in
354 4134 398 4180 ea
417 4109 556 4180 ratione
583 4105 873 4179 accelerarentur
890 4120 931 4176 ut
957 4120 1079 4176 motus
1103 4102 1347 4198 pendulorum
1372 4103 1408 4174 in
1436 4103 1559 4176 medio
1585 4118 1742 4198 utroque

289 4225 420 4298 fierent
446 4223 701 4319 aequiveloceS‚
723 4238 888 4295 maneret
906 4246 1079 4293 numerus
1107 4221 1204 4291 idem
1223 4217 1489 4291 oscillationum
1514 4218 1552 4295 1}
1571 4218 1608 4291 in
1634 4244 1741 4313 aqua,

288 4340 423 4438 quibus
442 4356 563 4413 motus
583 4341 680 4412 idem
708 4366 749 4412 ae
776 4340 876 4435 prius
903 4339 1157 4423 amitteretur;
1185 4336 1233 4408 ob
1261 4336 1507 4408 resistentiam
1533 4350 1678 4407 auctam
1706 4336 1742 4408 81

289 4455 397 4533 simul
417 4457 636 4552 quadratum
657 4456 831 4549 temporis
850 4455 1071 4526 diminutum
1091 4454 1126 4524 in
1146 4452 1277 4525 eadem
1297 4452 1437 4524 ratione
1465 4448 1525 4522 illa
1543 4449 1738 4547 duplicata.

293 4573 447 4646 Paribus
487 4572 599 4668 igitur
636 4570 880 4666 pendulorum
928 4568 1185 4643 velocitatibus
1225 4583 1346 4640 motus
1388 4564 1549 4662 aequales
1585 4567 1621 4639 in
1657 4593 1741 4641 aere

291 4690 578 4764 oscillationibus
609 4710 676 4781 535
703 4687 738 4760 dt
763 4689 796 4759 in
821 4714 916 4782 aqua
939 4685 1231 4760 oscillationibus
1255 4683 1292 4759 tl
1314 4683 1438 4755 amissi
1458 4698 1562 4769 sunt;
1583 4684 1741 4779 ideoque

294 4807 499 4880 resistentia
529 4804 678 4900 penduli
710 4805 744 4875 in
774 4829 870 4900 aqua
893 4821 949 4878 cst
981 4805 1027 4875 ad
1058 4804 1136 4900 ejus
1159 4801 1402 4874 resistentiam
1428 4800 1464 4872 in
1487 4825 1570 4872 aere
1599 4816 1640 4872 ut
1669 4822 1738 4893 535
