1583 1669
623 220 693 235 LIBER
704 220 796 235 SECUND
800 220 829 235 crs.
1053 226 1088 243 375

361 267 492 286 crassitudinis.
520 268 547 286 Et
561 269 649 292 quoniam
664 269 801 293 homogeneum
816 272 845 287 est
860 268 942 290 fluidum.
959 268 1089 292 impressiones

361 297 490 321 contiguorum
507 297 579 316 orbium
597 298 615 316 in
633 304 654 316 se
675 302 740 317 mutuo
761 298 815 316 factat
836 302 891 316 erunt
909 298 950 322 (per
968 298 1088 322 hypothesin)

361 330 381 345 ut
402 333 467 345 eorum
489 327 618 346 translationes
639 328 664 346 ab
685 328 769 349 invicem,
792 327 811 346 ἃ
831 327 938 351 superficies
960 328 1052 352 contiguae
1070 327 1088 345 in

361 356 428 380 quibus
438 356 568 380 impressiones
578 356 628 375 fiunt.
662 357 683 375 Si
693 357 790 380 impressio
799 356 817 375 in
826 357 891 375 orbem
900 356 980 381 aliquem
990 357 1048 381 major
1060 360 1089 375 est

361 385 391 403 vel
407 385 467 404 minor
481 392 504 404 ex
519 390 572 410 parte
587 392 669 404 concava
682 392 739 410 quam
754 392 778 404 ex
795 390 848 410 parte
865 392 961 407 convexa;
981 385 1090 410 praevalebit

361 414 459 438 impressio
475 414 544 436 sortior,
562 414 581 433 δι
598 419 670 433 motum
687 415 737 433 orbis
754 414 784 433 vel
806 414 915 433 accelerabit
936 414 966 433 vel
984 414 1089 436 retardabit,

361 447 416 467 prout
425 443 443 461 in
452 443 531 461 eandem
540 444 635 468 regionem
644 450 686 462 cum
696 444 753 468 ipsius
760 447 811 462 motu
818 443 848 462 vel
858 443 876 462 in
883 443 993 462 contrariam
1000 443 1088 468 dirigitur.

363 472 443 490 Proinde
457 476 478 490 ut
494 472 544 490 orbis
558 473 686 497 unusquisque
700 473 718 491 in
732 476 783 491 motu
797 479 832 491 suo
849 472 965 491 uniformiter
978 476 1089 497 perseveret,

361 501 431 519 debent
452 501 584 525 impressiones
605 508 629 520 ex
650 506 703 526 parte
724 505 802 526 utraque
823 502 858 520 sibi
877 502 956 520 invicem
977 502 1046 526 aequari
1072 502 1091 520 δι

362 530 400 548 fieri
410 530 428 548 in
438 531 523 555 regiones
532 531 637 549 contrarias.
666 530 723 549 Unde
730 537 772 549 eum
779 530 910 554 impressiones
917 535 960 549 sunt
969 535 989 549 ut
998 531 1090 555 contiguae

362 559 468 583 superficies
486 560 504 578 δι
520 560 585 578 harum
603 560 732 578 translationes
750 560 774 578 ab
791 560 876 581 invicem,
893 564 947 579 erunt
961 560 1090 579 translationes

362 588 436 607 inverse
453 593 474 607 ut
488 589 600 613 superficies,
616 589 651 608 hoc
668 593 701 610 est,
717 589 790 607 inverse
808 592 829 607 ut
843 589 981 613 superficierum
996 589 1090 608 distantiae

362 618 386 636 ab
401 624 440 637 axe.
473 618 522 637 Sunt
537 618 600 637 autem
614 618 724 637 differentiae
739 622 824 636 motuum
841 618 957 643 angularium
972 619 1020 637 circa
1034 625 1089 637 axem

362 650 383 665 ut
399 647 428 665 hae
446 647 576 666 translationes
593 647 690 671 applicatae
705 647 729 665 ad
746 647 849 669 distantias,
865 648 905 666 sive
922 652 943 666 ut
960 647 1089 666 translationes

362 676 432 694 directe
441 676 459 694 δι
468 676 561 695 distantiae
571 676 644 695 inverse
651 684 655 699 ;
669 677 704 695 hoc
713 680 746 698 est.

363 705 466 729 conjunctis
488 705 594 727 rationibus,
614 709 635 724 ut
656 705 747 730 quadrata

363 734 492 752 distantiarum
507 734 586 753 inverse.
614 734 678 758 Quare
692 734 707 752 si
722 734 746 752 ad

364 763 441 782 infinitae
450 767 505 781 recta!
515 763 556 781 SA
563 763 675 786 BCDEQ
685 767 747 787 partes

363 792 446 816 singulas
454 792 550 816 erigantur
561 792 694 816 perpendicula
702 792 746 813 Aa,
824 807 834 814 f

362 822 402 843 Bb,
413 821 446 843 Cc,
455 821 499 842 Dd,
508 821 546 844 Ee,
556 821 589 840 διε.
604 821 685 845 ipsarum
699 821 746 843 SA,
773 837 775 840 ,
802 831 806 835 ν

364 851 408 873 se,
423 851 466 873 sc,
481 851 527 872 SD.
542 850 587 872 SE,
602 851 635 869 &cl
652 850 747 875 quadmfis
767 845 771 852 s

822 853 832 865 G

364 880 456 904 reciproce
463 879 759 908 proportionalia,&pertermbi¹
779 867 785 900 ,1
801 881 804 905 ,¹
822 896 823 899 ,
843 859 872 928 ἵ
877 895 886 909 S
943 883 989 915 &luz
1008 877 1033 915 ’ip
1065 904 1077 919 Q

363 915 397 927 nos
403 908 581 933 perpendicularium
588 908 630 927 duci
637 908 749 933 intelligatur
781 921 784 932 χ
855 930 862 938 x
951 926 954 934 s

363 937 412 956 linea
421 944 477 956 curva
490 937 609 961 hyperbolica
618 945 622 959 ;
635 941 689 955 erunt
698 944 747 955 sum·
947 937 949 939 '

365 973 400 985 mze
406 966 556 988 differentiarum,
562 966 597 985 hoc
604 970 637 987 est,
645 970 706 984 motus
714 966 747 984 toti

364 995 467 1020 angulares,
483 999 504 1014 ut
518 995 654 1019 respondentes
669 1001 747 1013 summae

363 1024 453 1042 linearum
465 1024 510 1045 Aa,
524 1024 563 1045 Bb,
578 1024 612 1046 Cc,
626 1024 668 1045 Dd,
681 1024 718 1045 Ee,
728 1024 747 1042 id

364 1057 396 1074 est,
404 1053 419 1071 si
429 1053 453 1070 ad
462 1053 611 1071 constituendum
617 1052 700 1071 medium
709 1053 825 1071 uniformiter
833 1052 915 1073 fluidum,
922 1052 995 1070 orbium
1004 1058 1091 1070 numerus

364 1087 454 1106 augeatur
462 1082 480 1100 δι
491 1082 569 1101 latitudo
583 1082 676 1100 minuatur
689 1082 708 1100 in
723 1082 819 1103 infinitum,
829 1085 849 1099 ut
863 1087 911 1099 areat
926 1080 1049 1105 hyperbolicae
1062 1081 1091 1099 his

364 1111 441 1129 summis
450 1111 534 1136 analogze
542 1111 563 1129 Α
570 1118 582 1129 a
588 1111 610 1133 Q,
619 1111 654 1129 Bb
662 1111 684 1133 Q,
695 1111 724 1129 Cc
730 1111 752 1133 Q,
761 1110 829 1133 DdQ,
839 1110 872 1128 Ee
878 1110 901 1132 Q,
911 1110 944 1128 διο.
973 1110 999 1128 Et
1007 1114 1091 1134 tempora

365 1140 444 1158 motibus
462 1140 581 1164 angularibus
594 1140 686 1164 reciproce
699 1139 847 1164 proportionalia,
861 1143 915 1158 erunt
929 1139 985 1158 etiam
1001 1139 1029 1157 his
1044 1139 1092 1157 areis

365 1170 457 1193 reciproce
471 1169 619 1194 proportionalia.
652 1169 688 1187 Est
702 1169 758 1194 igitur
774 1173 848 1193 tempus
866 1168 980 1192 periodicum
997 1167 1092 1192 particulae

364 1199 445 1223 cujusvis
459 1199 481 1217 D
494 1199 586 1223 reciproce
600 1202 621 1217 ut
634 1205 678 1217 area
691 1199 732 1217 Dd
737 1199 758 1221 Q,
773 1198 808 1217 hoc
822 1202 851 1216 est
869 1197 910 1222 (per
927 1201 981 1216 notas
994 1203 1092 1215 curvarum

364 1227 493 1252 quadraturas)
503 1228 573 1246 directe
582 1231 602 1246 ut
610 1227 698 1246 distantia
707 1228 752 1246 SD.
781 1227 803 1250 Q.
808 1227 831 1245 Ε,
835 1227 860 1245 D.

400 1257 458 1275 carol.
476 1263 490 1275 1.
507 1257 557 1275 Hinc
566 1261 627 1275 motus
636 1256 734 1281 angulares
747 1256 878 1281 particularum
887 1255 938 1274 fluidi
947 1259 991 1274 sunt
1000 1255 1093 1279 reciproce

365 1290 385 1304 ut
399 1286 479 1310 ipsarum
493 1284 585 1304 distantize
599 1286 623 1304 ab
636 1292 672 1304 axe
686 1285 767 1309 cylindri,
783 1285 802 1303 8:
817 1284 925 1303 velocitates
942 1284 1032 1303 absolutae
1049 1287 1092 1302 sunt

365 1315 451 1339 aequales.
