4088 5768
288 560 359 650 508
742 557 810 614 DE
829 558 874 614 M
875 557 995 616 UNDI
1011 557 1036 615 S
1043 556 1281 615 YSTEMATE

284 736 443 834 nostras)
463 734 577 832 longa
592 749 673 806 erat
689 746 794 825 40⁸¹·;
812 761 926 807 curva
939 751 1063 808 autem
1076 751 1157 808 erat
1174 734 1211 808 &
1229 759 1399 807 convexo
1415 732 1531 806 latere
1548 735 1745 829 spectabat

283 854 332 926 ad
359 869 533 926 austrum.
606 851 701 924 Cum
731 851 866 925 circulo
893 878 962 947 per
987 851 1104 926 solem
1134 852 1170 925 81
1204 867 1317 946 caput
1341 866 1498 924 cometae
1525 867 1745 931 transeunte

283 969 460 1068 angulum
479 968 635 1042 confecit
652 970 836 1067 graduum
854 994 878 1061 4
890 972 1000 1066 juxta
1026 985 1138 1065 caput
1155 984 1333 1053 cometae;
1362 983 1401 1039 at
1414 968 1524 1064 juxta
1542 968 1745 1040 terminum

198 1147 203 1154 ,
285 1086 441 1160 alterum
469 1084 712 1159 inclinabatur
736 1087 785 1159 ad
803 1086 978 1159 circulum
997 1085 1098 1159 illum
1125 1088 1162 1159 in
1189 1083 1326 1182 angulo
1349 1108 1394 1156 1o
1412 1081 1472 1156 vel
1496 1108 1534 1155 11
1556 1085 1747 1181 graduum

285 1204 322 1278 &
356 1204 496 1278 chorda
529 1205 658 1278 caudae
693 1231 776 1278 cum
813 1205 947 1279 circulo
990 1205 1052 1280 illo
1086 1206 1300 1278 continebat
1338 1204 1515 1302 angulum
1557 1206 1747 1303 graduum

283 1338 377 1396 octo,
462 1323 559 1412 Jan.
617 1346 660 1415 13
708 1323 828 1396 cauda
870 1322 951 1396 luce
994 1324 1085 1396 satis
1127 1321 1291 1396 sensibili
1335 1322 1603 1394 terminabatur
1647 1324 1748 1398 inter

285 1439 465 1512 Alamch
483 1439 519 1512 81
537 1440 577 1511 A
583 1440 664 1535 lgol,
685 1439 721 1512 ἃ
738 1438 820 1513 luce
838 1439 1055 1513 tenuissima
1066 1434 1267 1513 'desinebat
1292 1464 1314 1511 e
1340 1440 1492 1536 regione
1518 1439 1636 1514 stellae
1662 1472 1683 1509 κ
1709 1444 1748 1515 in

284 1556 400 1629 latere
417 1557 552 1629 Persei.
627 1558 816 1631 Distantia
842 1558 988 1632 termini
1015 1558 1143 1630 caudae
1169 1583 1193 1629 a
1218 1555 1352 1630 circulo
1370 1556 1486 1631 solem
1505 1558 1749 1634 &cometam

281 1674 465 1771 jungente
482 1687 563 1744 erat
584 1685 638 1766 3¹³¹¹
661 1671 729 1768 50'‚
749 1674 786 1747 81
812 1673 999 1748 inclinatio
1025 1674 1174 1747 chordae
1200 1672 1328 1745 caudae
1360 1672 1408 1745 ad
1440 1672 1615 1747 circulum
1643 1676 1750 1750 illum

290 1792 377 1871 8÷l⁸¹2
450 1792 548 1882 Jan.
584 1814 629 1884 25
661 1791 697 1864 81
735 1797 781 1864 26
817 1791 935 1863 cauda
963 1789 1044 1864 luce
1072 1789 1174 1863 tenui
1205 1788 1366 1861 micabat
1395 1788 1443 1861 ad
1474 1788 1752 1888 longitudinem

285 1909 470 2008 graduum
489 1914 512 1981 6
530 1907 590 1982 vel
613 1930 653 2002 73
681 1908 718 1981 81
736 1924 844 1982 nocte
870 1934 944 1980 una
970 1906 1149 1981 &altera
1174 1921 1354 2002 sequente
1383 1906 1444 1978 ubi
1472 1908 1609 1982 coelum
1637 1911 1753 1986 valde

287 2052 459 2101 serenum
499 2043 588 2111 erat,
633 2025 715 2098 luce
758 2025 975 2098 tenuissima
1018 2024 1054 2097 u
1097 2024 1289 2121 aegerrime
1331 2023 1494 2096 sensibili
1537 2027 1754 2125 attingebat

288 2144 559 2242 longitudinem
576 2142 760 2241 graduum
778 2141 974 2214 duodecim
995 2139 1159 2236 &paulo
1184 2138 1288 2212 ultra.
1362 2140 1605 2238 Dirigebatur
1623 2159 1752 2218 autem

288 2263 369 2358 ejus
392 2260 473 2332 axis
496 2260 544 2332 ad
569 2257 728 2331 lucidam
760 2258 797 2329 in
826 2257 981 2331 humero
1008 2254 1177 2328 orientali
1206 2255 1362 2354 Aurigae
1385 2272 1565 2343 accurate,
1586 2259 1753 2358 ideoque

287 2364 497 2450 declinabat
531 2377 579 2448 ab
614 2375 848 2471 oppositione
883 2374 971 2448 solis
997 2374 1149 2447 boream
1175 2398 1305 2445 versus
1332 2373 1368 2445 in
1397 2371 1535 2470 angulo
1561 2377 1754 2472 graduum

287 2494 429 2567 decem.
504 2492 679 2588 Denique
696 2491 777 2567 Feb.
803 2514 847 2563 10
873 2490 1029 2563 caudam
1048 2487 1163 2562 oculis
1181 2490 1331 2561 armatis
1349 2490 1477 2584 aspexi
1493 2492 1638 2588 gradus
1656 2495 1755 2570 duos

288 2611 448 2709 longam.
530 2610 631 2681 Nam
675 2606 737 2679 lux
781 2608 959 2702 praedicta
1002 2606 1149 2680 tenuior
1190 2631 1257 2701 per
1299 2607 1395 2678 vitra
1438 2631 1511 2679 non
1565 2615 1752 2705 apparuit

290 2728 490 2800 Pontlrceus
518 2742 643 2799 autem
673 2724 754 2797 Feb.
790 2743 808 2816 7
839 2749 881 2796 se
911 2723 1069 2795 caudam
1099 2722 1147 2795 ad
1174 2720 1443 2820 longitudinem
1476 2724 1669 2820 graduum
1711 2755 1753 2803 12

292 2846 431 2918 vidisse
448 2846 581 2921 scribit
634 2843 715 2915 Feb,
739 2864 783 2935 25
805 2840 1034 2937 &deinceps
1053 2857 1198 2914 cometa
1215 2841 1294 2913 sine
1312 2840 1430 2913 cauda
1446 2844 1629 2936 apparuit

361 2963 502 3036 Orbem
548 2964 627 3060 jam
671 2964 897 3060 descriptum
941 2963 1122 3058 spectanti
1175 2960 1211 3033 81
1255 2959 1395 3058 reliqua
1443 2979 1602 3038 cometae
1642 2966 1758 3066 hujus
1803 3028 1806 3033 .

291 3077 538 3174 phaenomena
573 3079 609 3151 in
644 3081 769 3153 animo
804 3078 1009 3153 revolventi
1045 3077 1145 3149 haud
1180 3077 1376 3150 difficulter
1418 3081 1612 3168 constabit,
1652 3088 1759 3182 quod

290 3220 446 3291 corpora
463 3211 690 3269 cometarum
709 3213 795 3270 sunt
816 3196 944 3281 solida,
963 3212 1164 3291 compacta,
1185 3195 1258 3267 fixa
1283 3221 1326 3267 ac
1351 3192 1533 3267 durabilia
1559 3198 1608 3270 ad
1639 3200 1763 3278 instar

290 3336 485 3407 corporum
504 3310 744 3407 planetamm.
818 3313 918 3385 Nam
945 3313 976 3384 si
995 3310 1083 3384 nihil
1110 3310 1209 3383 aliud
1228 3327 1354 3384 essent
1372 3337 1482 3406 quam
1502 3338 1670 3409 vapores
1698 3321 1761 3396 vel

289 3427 543 3502 exhalationes
561 3445 678 3515 terrae,
698 3429 786 3504 solis
805 3429 841 3503 u
867 3428 1107 3526 planetarum,
1128 3445 1273 3501 cometa
1299 3429 1400 3501 hicce
1432 3430 1468 3501 in
1498 3434 1662 3509 transitu
1691 3465 1765 3515 suo

288 3570 356 3640 per
373 3547 543 3620 viciniam
564 3547 651 3621 solis
669 3551 793 3623 statim
813 3550 982 3645 dissipari
1001 3550 1198 3624 debuisset
1254 3551 1326 3623 Est
1351 3552 1449 3623 enim
1476 3551 1580 3627 calor
1597 3559 1694 3636 solis
1722 3583 1768 3641 ut

289 3667 474 3740 radiorum
493 3666 668 3753 densitas,
689 3669 758 3742 hoc
777 3683 842 3753 est,
862 3668 1049 3763 reciproce
1072 3683 1113 3740 ut
1131 3667 1353 3764 quadratum
1379 3669 1568 3744 distantiae
1587 3672 1767 3756 locorum

287 3807 311 3854 a
328 3781 417 3856 sole.
492 3784 658 3881 Ideoque
685 3811 769 3857 cum
796 3785 971 3857 distantia
997 3799 1152 3856 cometae
1170 3810 1192 3855 a
1210 3800 1338 3857 centro
1355 3783 1442 3857 solis
1459 3787 1629 3866 Decemb.
1655 3800 1679 3869 8
1700 3803 1769 3876 ubi

288 3899 325 3969 in
348 3898 527 3993 perihelio
545 3902 764 3974 versabatur
781 3917 880 3974 esset
906 3901 954 3973 ad
981 3901 1193 3972 distantiam
1222 3916 1328 3974 terrae
1355 3927 1377 3973 a
1404 3917 1534 3977 centro
1562 3908 1661 3985 solis
1682 3927 1771 3994 ut6

287 4014 334 4086 ad
377 4040 471 4089 1ooo
506 4017 657 4103 circiter,
690 4016 912 4090 calor‘solis
947 4016 1046 4111 apud
1083 4032 1265 4090 cometam
1301 4042 1346 4089 eo
1381 4033 1553 4113 tempore
1590 4048 1682 4106 erat
1720 4040 1773 4112 ad

287 4135 445 4209 calorem
465 4135 553 4208 solis
572 4137 691 4209 aestivi
711 4136 810 4231 apud
831 4162 898 4209 nos
917 4151 957 4208 ut
981 4159 1151 4209 roooooo
1164 4135 1211 4206 ad
1229 4141 1285 4228 36,
1301 4161 1365 4207 seu
1383 4139 1507 4209 28000
1522 4140 1572 4211 ad
1602 4168 1634 4220 1.
1688 4152 1774 4230 Sed

286 4251 384 4325 calor
401 4280 508 4349 aquae
535 4253 743 4327 ebullientis
772 4270 829 4328 est
854 4255 959 4350 quasi
987 4251 1096 4348 triplo
1123 4254 1240 4349 major
1266 4278 1377 4348 quam
1402 4250 1502 4325 calor
1521 4282 1648 4354 quem
1671 4286 1778 4350 tem

285 4370 388 4441 arida
417 4372 575 4465 concipit
603 4372 650 4443 ad
680 4372 851 4445 aestivum
885 4370 1012 4459 solem,
1043 4388 1083 4443 ut
1118 4386 1293 4464 expertus
1321 4394 1427 4440 sum:
1465 4369 1501 4442 81
1536 4376 1650 4456 calor
1683 4389 1778 4468 fessi

285 4485 477 4558 candentis
498 4487 661 4584 (sirecte
686 4486 885 4585 conjector)
906 4487 1011 4583 quasi
1039 4485 1148 4581 triplo
1167 4485 1225 4558 vel
1244 4483 1451 4581 quadruplo
1484 4491 1617 4588 major
1653 4530 1778 4602 quam

285 4599 384 4673 calor
400 4628 508 4697 aquae
526 4601 754 4691 ebullientis;
776 4604 932 4699 ideoque
951 4601 1058 4687 calor,
1079 4627 1189 4697 quem
1208 4618 1304 4675 terra
1322 4601 1423 4673 arida
1441 4609 1548 4698 apud
1569 4639 1779 4704 cometam

286 4718 321 4789 in
350 4719 528 4814 perihelio
558 4737 770 4795 versantem
803 4749 849 4795 ex
878 4722 989 4794 radiis
1021 4719 1200 4795 solaribus
1236 4720 1427 4814 concipere
1464 4746 1618 4819 posset,
1662 4751 1779 4840 quasi

287 4858 383 4909 2000
408 4837 549 4909 vicibus
568 4841 685 4937 major
702 4865 813 4936 quam
834 4838 933 4914 calor
949 4840 1034 4912 serri
1053 4837 1254 4912 candentis,
1327 4836 1453 4910 Tanto
1480 4862 1623 4927 autem
1645 4862 1780 4942 calore
