4088 5768
678 381 835 439 arana
859 380 1061 441 TERTIUS.
1538 403 1610 476 527

156 599 252 675 pora
275 577 350 650 sint
378 577 414 649 in
445 576 684 672 proportione
714 573 976 671 sesquiplicata
1002 576 1258 648 distantiarum
1285 602 1308 648 a
1332 575 1421 662 sole,
1444 592 1613 674 tempora

154 695 341 791 periodica
358 695 517 790 partium
536 694 686 767 vorticis
704 694 885 766 deberent
905 718 987 766 esse
1012 693 1048 764 in
1070 692 1330 789 sesquiplicata
1352 694 1610 768 distantiarum

152 812 398 907 proportione.
457 812 513 885 Ut
530 812 688 886 vortices
707 811 867 884 minores
894 810 1029 882 circum
1056 809 1267 897 Saturnum,
1292 811 1427 907 Jovem
1455 813 1490 885 &
1519 813 1610 887 alios

154 926 322 1022 planetas
349 927 470 1026 gyrati
501 945 766 1001 conserventur
801 927 836 999 ἃ
872 924 1066 1022 tranquille
1102 942 1230 999 natent
1264 929 1300 1000 in
1336 931 1475 1003 vortice
1511 929 1608 1018 soliS,

154 1061 322 1140 tempora
352 1047 539 1142 periodica
568 1046 727 1140 partium
759 1045 908 1117 vorticis
943 1043 1072 1117 solaris
1108 1045 1287 1118 deberent
1321 1069 1420 1119 esse
1440 1048 1606 1144 aequalia.

85 1243 88 1248 ,
158 1161 424 1237 Revolutiones
468 1160 555 1236 solis
600 1162 635 1234 ἃ
679 1159 909 1256 planetarum
953 1163 1089 1234 circum
1132 1184 1233 1235 axes
1265 1162 1362 1249 su'oS,
1399 1191 1483 1260 quae
1526 1192 1609 1238 cum
1653 1216 1657 1224 -

155 1280 315 1352 motibus
334 1280 514 1352 vorticum
533 1302 737 1374 congruere
755 1277 943 1362 deberent,
963 1278 1010 1349 ab
1037 1280 1208 1352 omnibus
1235 1280 1335 1353 hisce
1362 1283 1608 1377 proportioni-

153 1396 223 1469 bus
247 1398 466 1492 discrepant.
526 1395 654 1467 Motus
673 1409 899 1465 cometarum
918 1409 1004 1466 sunt
1021 1420 1166 1467 summe
1185 1394 1381 1491 regulares
1403 1396 1438 1468 &
1457 1398 1609 1470 easdem

153 1511 256 1609 leges
287 1539 370 1585 cum
402 1510 632 1608 planetarum
664 1510 823 1582 motibus
850 1510 1059 1596 observant,
1093 1512 1129 1584 81
1155 1537 1222 1606 per
1248 1512 1407 1584 vortices
1434 1513 1609 1610 explicari

155 1645 353 1724 nequeunt.
421 1629 607 1701 Feruntur
641 1643 795 1700 cometae
832 1628 992 1700 motibus
1027 1627 1138 1700 valde
1168 1628 1381 1699 eccentricis
1410 1628 1446 1700 in
1478 1657 1609 1705 omnes

153 1744 330 1819 coelorum
350 1760 482 1840 partes,
503 1744 603 1840 quod
622 1743 699 1815 fieri
718 1767 791 1814 non
811 1759 935 1839 potest
953 1744 1021 1815 nisi
1040 1743 1198 1817 vortices
1217 1741 1401 1816 tollantur.

223 1859 429 1957 Projectilia
473 1861 508 1933 in
552 1872 638 1932 aere
679 1873 804 1931 nostro
844 1856 963 1930 solam
1004 1859 1101 1931 aeris
1144 1859 1605 1958 resistentiamlsentiunt.

154 1976 310 2051 Sublato
339 1990 432 2063 aere,
465 1995 507 2051 ut
532 1977 574 2050 fit
602 1978 638 2049 in
666 2001 784 2048 vacuo
810 1976 1001 2071 Boyliunu
1030 1976 1238 2048 resistentia
1264 1992 1393 2062 cessat,
1422 1977 1607 2073 siquidem

154 2093 279 2190 pluma
298 2094 417 2168 tenuis
445 2095 481 2167 &
507 2119 635 2167 aurum
662 2091 821 2166 solidum
848 2091 981 2188 aequali
1008 2118 1092 2165 cum
1118 2091 1314 2166 velocitate
1336 2095 1372 2166 in
1395 2095 1465 2169 hoc
1489 2122 1608 2171 vacuo

94 2219 97 2225 ’
154 2212 299 2284 cadunt.
373 2211 425 2283 Et
455 2237 522 2306 par
556 2226 613 2284 est
647 2209 739 2282 ratio
771 2209 974 2304 spatiorum
1006 2207 1221 2294 coelestium,
1254 2235 1339 2305 quae
1375 2227 1462 2283 sunt
1496 2238 1609 2308 supra

153 2328 439 2424 atmosphaeram
458 2343 573 2402 terrae.
628 2327 795 2422 Corpora
818 2326 943 2399 omnia
961 2327 997 2397 in
1017 2327 1095 2397 istis
1117 2326 1245 2422 spatiis
1263 2325 1448 2400 liberrime
1466 2329 1608 2400 moveri

153 2445 311 2532 debent;
332 2445 367 2518 ἃ
385 2463 582 2541 propterea
599 2441 758 2539 planetae
777 2442 813 2514 dt
831 2458 985 2514 cometae
1005 2441 1041 2513 in
1060 2443 1210 2515 orbibus
1228 2444 1352 2538 specie
1371 2443 1406 2516 ἃ
1425 2445 1609 2538 positione

153 2560 249 2634 datis
267 2562 470 2634 secundum
499 2561 600 2659 leges
618 2584 730 2654 supra
758 2558 945 2654 expositas
974 2575 1153 2654 perpetuo
1182 2559 1332 2633 revolvi.
1390 2560 1608 2634 Persevera-

152 2678 245 2751 bunt
262 2677 413 2774 quidem
432 2677 468 2748 in
487 2678 636 2752 orbibus
655 2677 730 2748 suis
744 2700 811 2770 per
827 2675 929 2772 leges
946 2675 1148 2772 gravitatis,
1161 2676 1228 2748 sed
1240 2676 1446 2774 regularem
1464 2680 1608 2753 orbium

153 2795 265 2867 situm
284 2794 452 2890 primitus
470 2795 659 2890 acquirere
678 2819 744 2889 per
761 2791 863 2890 leges
882 2793 992 2866 hasce
1011 2793 1161 2866 minime
1179 2809 1387 2888 potuerunt.

207 2909 371 2982 Planetae
397 2935 463 2982 sex
490 2909 710 3007 principales
737 2908 978 2984 revolvuntur
1004 2911 1139 2982 circum
1165 2909 1282 2984 solem
1309 2911 1345 2983 in
1373 2911 1514 2985 circulis
1540 2914 1608 2989 soli

154 3026 403 3112 concentriciS,
423 3029 555 3100 eadem
583 3044 704 3102 motus
730 3028 941 3112 directione,
956 3010 998 3099 in
1026 3027 1158 3100 eodem
1181 3027 1291 3124 plano
1315 3032 1605 3126 quamproxime.

158 3146 274 3218 Lunae
301 3145 431 3217 decem
458 3143 700 3219 revolvuntur
725 3147 860 3220 circum
890 3146 1055 3231 Terram,
1090 3145 1225 3241 lovem
1261 3146 1297 3219 81
1333 3147 1534 3221 Saturnum
1571 3151 1607 3223 in

154 3260 296 3347 circulis
339 3261 586 3348 concentriciS,
631 3263 762 3337 eadem
806 3279 929 3336 motus
972 3263 1183 3348 directione,
1221 3264 1257 3335 in
1301 3261 1420 3359 planis
1463 3265 1607 3337 orbium

155 3376 384 3473 planetarum
412 3382 702 3476 quamproxime.
765 3381 817 3452 Et
843 3380 880 3452 hi
907 3406 1038 3454 omnes
1065 3396 1187 3452 motus
1215 3377 1401 3475 regulares
1428 3379 1608 3476 originem

156 3519 229 3567 non
248 3496 385 3569 habent
402 3522 449 3569 ex
471 3497 590 3569 causis
613 3497 855 3580 mechanicis;
882 3496 1068 3591 siquidem
1089 3511 1244 3568 cometa:
1266 3494 1302 3565 in
1324 3494 1474 3567 orbibus
1498 3493 1608 3567 valde

154 3613 375 3699 eccentricis,
413 3613 448 3686 ἃ
486 3612 523 3684 in
560 3639 689 3687 omnes
733 3611 910 3685 coelorum
953 3628 1078 3706 partes
1121 3610 1236 3685 libere
1278 3609 1452 3683 feruntur.
1520 3609 1608 3703 Quo

155 3744 276 3802 motus
306 3755 443 3826 genere
470 3747 626 3803 cometae
657 3755 725 3824 per
754 3729 862 3801 orbes
894 3726 1123 3824 planetarum
1155 3725 1342 3800 celerrime
1371 3727 1407 3800 &
1436 3725 1607 3800 facillime

155 3861 355 3930 transeunt,
376 3845 412 3918 u
439 3846 475 3917 in
502 3844 657 3942 apheliis
683 3846 768 3930 suis
796 3845 858 3917 ubi
887 3847 1067 3919 tardiores
1088 3861 1175 3918 sunt
1196 3845 1232 3918 &
1250 3846 1387 3918 diutius
1406 3861 1604 3931 morantur,

154 3987 266 4057 quam
297 3959 512 4058 longissime
543 3961 682 4033 distant
711 3960 758 4033 ab
794 3961 962 4046 invicem,
994 3976 1035 4033 ut
1068 3987 1109 4034 se
1146 3979 1274 4036 mutuo
1309 3988 1421 4059 quam
1457 3962 1608 4036 minime

155 4077 312 4150 trahant.
387 4076 677 4174 Elegantissima
720 4077 843 4151 haecce
886 4077 984 4167 solis,
1029 4078 1258 4174 planetarum
1303 4080 1339 4153 ἃ
1383 4096 1607 4155 cometarum
1670 4117 1674 4127 =

154 4219 356 4291 compages
382 4219 455 4267 non
484 4194 551 4265 nisi
580 4194 732 4268 consilio
759 4195 795 4268 81
821 4197 986 4270 dominio
1008 4197 1104 4269 entis
1126 4196 1363 4295 intelligentis
1386 4198 1422 4270 8z
1446 4199 1607 4293 potentis

154 4309 239 4381 oriri
272 4311 399 4406 potuit.
473 4310 526 4383 Et
556 4311 587 4383 si
618 4311 734 4384 stellae
766 4310 850 4385 fixae
884 4314 959 4386 sint
986 4330 1112 4386 centra
1145 4314 1317 4386 similium
1352 4329 1606 4410 systematum,

154 4426 233 4514 haec
268 4428 393 4500 omnia
427 4427 534 4501 simili
578 4428 731 4502 consilio
774 4446 984 4503 constructa
1025 4432 1204 4504 suberunt
1252 4431 1376 4504 Urtius
1417 4431 1605 4505 dominio:

155 4546 359 4639 praesertim
394 4571 477 4618 cum
512 4545 576 4618 lux
611 4546 765 4619 fixarum
801 4548 849 4619 sit
882 4549 1050 4646 ejusdem
1085 4565 1225 4621 naturae
1260 4575 1303 4622 ac
1336 4546 1400 4619 lux
1434 4546 1532 4633 solis,
1572 4547 1608 4621 81

154 4676 357 4756 systemata
373 4664 499 4736 omnia
515 4661 634 4736 lucem
654 4663 689 4735 in
708 4663 832 4735 omnia
851 4664 1008 4738 invicem
1036 4665 1243 4737 immittant„
1265 4669 1267 4674 ’
1300 4664 1352 4737 Et
1378 4689 1425 4738 ne
1452 4665 1607 4736 fixarum

154 4793 357 4874 systemata
391 4804 458 4875 per
490 4779 712 4878 gravitatem
747 4804 852 4851 suam
888 4781 924 4853 in
959 4804 1000 4853 se
1035 4795 1164 4855 mutuo
1198 4780 1340 4866 cadant,
1377 4780 1435 4854 hic
1475 4781 1608 4855 eadem

154 4895 373 4968 immensam
401 4896 449 4970 ab
479 4897 636 4969 invicem
664 4895 877 4969 distantiam
906 4897 1078 4994 posuerit
