4088 5768
850 466 992 525 clean
1012 466 1197 528 PRIMUS.
1706 480 1753 567 ⁶3

368 661 483 739 Cerel.
505 684 540 752 9.
572 659 686 735 Unde
711 683 796 733 cum
819 657 901 758 (per
917 656 1026 734 corol.
1050 666 1082 734 6.
1103 686 1207 758 prop.
1237 662 1302 760 ιν.)
1330 660 1507 736 velocitas
1531 669 1698 763 gyrantis
1718 671 1754 743 in

295 781 367 856 hoc
384 776 517 853 circulo
535 777 584 852 sit
600 778 648 851 ad
667 774 902 851 velocitatem
919 776 1086 873 gyrantis
1105 777 1141 851 in
1168 777 1303 853 circulo
1329 781 1462 876 quovis
1480 779 1552 855 alio
1570 784 1756 881 reciproce

296 899 333 972 in
352 894 609 992 subduplicata
639 895 781 969 ratione
806 893 1085 982 distantiarum;
1112 895 1177 969 fiet
1202 921 1249 970 ex
1267 922 1377 992 aequo
1394 896 1570 971 velocitas
1587 903 1755 998 gyrantis

296 1017 333 1089 in
352 1015 480 1090 conica
505 1013 669 1088 sectione
695 1011 743 1086 ad
770 1008 1005 1085 velocitatem
1030 1012 1197 1109 gyrantis
1226 1013 1262 1086 in
1289 1011 1423 1087 circulo
1450 1015 1486 1088 in
1513 1015 1644 1089 eadem
1679 1017 1752 1091 dis-

294 1134 422 1221 tantia,
459 1148 500 1205 ut
530 1130 655 1205 media
689 1127 972 1226 proportionalis
1009 1128 1105 1202 inter
1138 1129 1351 1205 distantiam
1387 1129 1486 1205 illam
1520 1158 1754 1209 communem

296 1249 333 1325 8c
363 1250 557 1325 semissem
587 1245 798 1343 principalis
825 1244 949 1321 lateris
976 1247 1064 1321 recti
1095 1248 1277 1335 sectionis,
1296 1248 1344 1321 ad
1376 1248 1678 1345 perpendiculum
1705 1253 1755 1326 ab
1859 1297 1862 1302 -

296 1366 471 1442 umbilico
488 1364 675 1441 communi
693 1364 730 1438 in
749 1378 965 1461 tangentem
982 1364 1156 1448 sectionis
1173 1364 1387 1441 demissum.
1546 1356 1548 1360 ὗ

468 1720 845 1812 PROPOSITIO
891 1722 1044 1795 XVII.
1117 1722 1454 1797 PROBLEMA
1501 1724 1582 1799 IX.

293 1921 420 1995 Posito
449 1920 548 2018 qued
573 1919 629 1992 vis
656 1919 854 2015 centripela
884 1920 936 1992 sil
963 1919 1136 2015 reciproce
1152 1921 1447 2016 proportionalrk
1470 1923 1653 2020 quadrato
1680 1924 1752 2000 dir·

345 2054 475 2127 lanlioe
503 2054 662 2127 locorum
688 2078 712 2124 a
742 2061 873 2143 centro,
894 2054 943 2131 &
971 2052 1070 2149 qued
1091 2052 1146 2126 vis
1170 2052 1276 2128 illius
1300 2056 1491 2152 quantitas
1514 2058 1679 2132 absoluta
1704 2060 1756 2134 sit

344 2188 511 2285 cognitas
537 2188 748 2283 requiritur
773 2187 880 2274 linea,
910 2209 1022 2281 quem
1051 2192 1180 2279 corpus
1204 2184 1371 2260 describit
1395 2188 1439 2261 de
1466 2190 1539 2263 leco
1562 2191 1648 2265 dcto
1672 2218 1753 2265 cum

341 2323 431 2396 deta
448 2322 628 2395 velocitate
640 2321 834 2395 secundum
850 2320 977 2393 claram
994 2329 1127 2392 rectam
1144 2319 1333 2416 egrediens.

363 2518 433 2593 Vis
467 2519 670 2615 centripeta
705 2501 940 2593 tendens'ad
968 2532 1146 2612 punctum
1175 2517 1210 2588 S
1237 2542 1282 2591 ea
1309 2518 1366 2605 sit,
1398 2543 1473 2615 qua
1502 2530 1686 2618 corpusp
1715 2522 1752 2596 in

292 2634 415 2710 orbita
455 2635 587 2731 quavis
630 2635 719 2709 data
742 2645 824 2732 pq
864 2647 1026 2731 gyretur,
1068 2631 1105 2705 dc
1147 2649 1392 2731 cognoscatur
1433 2636 1542 2735 hujus
1575 2637 1753 2714 velocitas

292 2754 331 2827 in
375 2750 457 2826 loco
489 2761 532 2848 p.
608 2752 669 2826 De
711 2748 793 2826 loco
826 2751 864 2823 P
893 2748 1097 2843 secundum
1131 2748 1267 2824 lineam
1299 2752 1388 2826 PR
1413 2769 1524 2827 exeat
1552 2779 1685 2853 corpus
1714 2758 1754 2830 P

292 2896 378 2945 cum
408 2869 497 2943 data
525 2867 731 2955 velocitate,
767 2868 804 2942 8c
831 2892 919 2940 mox
953 2866 1049 2953 inde,
1076 2883 1235 2964 cogente
1268 2869 1306 2943 vi
1336 2870 1549 2967 centripeta„
1580 2872 1754 2951 deflectat

293 2987 383 3063 illud
401 2989 438 3061 in
465 2987 547 3061 coni
574 2988 730 3061 section-
1574 3001 1576 3004 ·

291 3131 354 3180 em
366 3104 450 3194 PQ.
499 3102 611 3177 Hanc
622 3103 735 3201 igitur
772 3082 992 3422 β

292 3235 394 3295 recta
416 3220 504 3293 PR
535 3233 664 3317 tanget
694 3219 731 3291 in

291 3338 339 3411 P.
420 3335 572 3433 Tangat
603 3335 731 3408 itidem
766 3301 793 3346 r
843 3385 845 3390 η

291 3467 394 3527 recta
416 3450 540 3548 aliqua
547 3460 579 3547 p
592 3477 617 3523 r
635 3451 731 3525 orbi·-

291 3584 370 3643 tam
388 3577 455 3665 pq
489 3568 526 3641 in
550 3576 593 3663 p,
630 3565 667 3641 8c
700 3567 732 3640 si

291 3685 342 3758 ab
359 3686 394 3758 S
411 3683 460 3758 ad
485 3709 549 3757 eas
576 3699 730 3782 tangen-

291 3815 350 3874 tes
364 3799 508 3874 demitti
524 3797 730 3897 intelligan-

291 3933 354 3991 tur
369 3914 643 4014 perpendicula,
662 3916 732 3990 erit

293 4033 378 4134 (per
411 4031 519 4108 corol.
563 4058 589 4109 1.
626 4058 752 4129 prop.-

291 4150 385 4248 xv1.)
438 4147 533 4222 latus
591 4165 731 4223 rectum

290 4265 494 4365 principale
519 4266 601 4339 coni
623 4265 730 4339 secti-

289 4384 374 4458 onis
400 4380 562 4455 adlatus
589 4396 729 4455 rectum

289 4495 493 4596 principale
512 4497 641 4571 orbitae
670 4496 706 4570 in
735 4496 876 4571 ratione
904 4497 1109 4593 composita
1135 4523 1183 4572 ex
1210 4496 1395 4594 duplicata
1425 4498 1567 4580 ratione
1593 4524 1748 4596 perpen-

290 4615 496 4692 diculorum
531 4612 781 4710 &duplicata
811 4614 953 4689 ratione
979 4613 1225 4701 velocitatum,
1254 4630 1367 4713 atque
1390 4617 1475 4692 ideo
1504 4618 1621 4694 datur.
1692 4620 1752 4694 Sit

289 4736 327 4809 L
347 4734 431 4808 coni
449 4732 621 4807 sectionis
637 4728 734 4803 latus
753 4746 902 4805 rectum.
958 4730 1081 4804 Datur
1097 4746 1277 4827 praeterea
1293 4733 1460 4832 ejusdem
1478 4737 1560 4810 coni
1577 4736 1750 4814 sectionis

290 4848 487 4924 umbilicus
521 4848 561 4921 S.
632 4845 773 4946 Anguli
812 4848 853 4920 R
861 4848 899 4919 P
907 4848 942 4921 S
973 4845 1284 4945 complementum
1318 4850 1366 4922 ad
1401 4850 1497 4925 duos
1531 4866 1651 4927 rectos
1686 4852 1751 4926 fiat
