4088 5768
735 464 801 520 DE
826 462 991 521 MUNDI
1011 463 1035 519 S
1043 461 1279 520 l'STEorA'JE

696 739 1214 814 PHAENOMENON
1263 741 1318 813 V.

280 925 458 997 Pluuetos
466 921 675 1017 primarios
693 921 811 995 rodus
826 921 879 992 cut
892 931 1032 993 terram
1047 920 1165 992 dmtis
1181 946 1287 993 creos
1302 921 1494 994 describere
1518 924 1745 1018 temporibus

331 1054 808 1150 miucmeproportcouules;
833 1064 875 1126 ot
899 1054 1017 1127 robiis
1042 1054 1096 1125 od
1114 1055 1222 1126 sotem
1246 1053 1365 1127 ductis
1389 1080 1494 1128 areos
1519 1058 1744 1151 temporibus

320 1189 616 1283 proportionales
624 1199 854 1284 percurrere.

350 1385 451 1457 Nam
480 1401 648 1481 respectu
677 1381 796 1457 terrae'
821 1409 918 1456 nunc
949 1383 1242 1480 progrediuntur,
1276 1407 1372 1455 nunc
1403 1383 1608 1456 stationarii
1640 1403 1741 1471 sunt,

282 1526 379 1573 nunc
407 1501 518 1573 etiam
550 1494 831 1597 regrediuntur:
872 1499 928 1572 At
955 1499 1043 1573 solis
1071 1514 1240 1597 respectu
1267 1524 1416 1594 semper
1440 1500 1742 1596 progrediuntur,

281 1617 394 1713 idque
424 1617 695 1713 propemodum
723 1616 896 1689 uniformi
927 1643 1011 1689 cum
1042 1634 1155 1703 motu,
1184 1616 1252 1690 sed
1282 1613 1394 1711 paulo
1428 1614 1584 1688 celerius
1613 1632 1742 1691 tamen

283 1734 320 1807 in
355 1730 540 1830 periheliis
575 1759 619 1806 ac
654 1734 794 1806 tardius
829 1732 866 1806 in
901 1732 1065 1830 apheliis,
1101 1733 1154 1806 sic
1188 1748 1230 1805 ut
1260 1756 1428 1805 arearum
1464 1732 1661 1828 aequabilis
1695 1735 1746 1808 sit

282 1850 489 1947 descriptio.
548 1849 755 1945 Propositio
781 1864 839 1922 est
864 1850 1086 1922 astronomis
1114 1849 1314 1935 notissima,
1335 1847 1371 1920 81
1399 1847 1434 1918 in
1454 1849 1546 1945 jove
1572 1850 1745 1946 apprime

282 1969 558 2041 demonstratur
574 1993 641 2063 per
666 1965 821 2062 eclipses
847 1965 1056 2052 satellitum,
1076 1965 1210 2062 quibus
1236 1964 1433 2060 eclipsibus
1459 1962 1745 2042 heliocentricas

283 2084 441 2182 planetae
459 2085 568 2183 hujus
586 2083 835 2183 longitudines
854 2084 890 2157 8z
908 2083 1102 2157 distantias
1120 2109 1143 2155 a
1159 2081 1238 2157 sole
1252 2083 1487 2156 determinari
1505 2083 1681 2158 diximus

690 2364 1205 2438 PHAENOMENON
1252 2365 1335 2437 Vl.

284 2547 437 2619 mem
456 2546 562 2618 rodco
578 2545 631 2617 cub
652 2555 816 2617 centrum
843 2554 955 2617 terroe
977 2546 1082 2618 ducto
1107 2571 1230 2617 orcam
1257 2545 1412 2639 tempori
1424 2547 1747 2639 proportionalem

914 2661 1112 2734 describere.

356 2839 463 2912 Patet
491 2864 537 2911 ex
568 2837 666 2911 lunae
699 2854 801 2912 motu
832 2855 1034 2937 apparente
1065 2866 1148 2913 cum
1180 2838 1294 2937 ipsius
1325 2838 1507 2911 diametro
1539 2858 1747 2937 apparente

287 2952 429 3027 collato.
504 2954 744 3026 Perturbatus
769 2971 893 3028 autem
921 2971 1043 3029 motus
1069 2955 1206 3029 lunaris
1234 2957 1502 3054 aliquantulum
1530 2985 1555 3032 a
1582 2962 1622 3034 vi
1650 2962 1745 3047 solis,

286 3070 353 3144 sed
372 3096 536 3143 errorum
556 3070 785 3146 insensibiles
804 3073 977 3146 minutias
995 3074 1032 3146 in
1051 3073 1151 3148 hisce
1169 3074 1424 3169 phaenomenis
1443 3074 1608 3176 negligo,
