4088 5768
846 404 987 463 erran
1007 404 1191 463 rnlrros.
1333 394 1335 399 '
1682 409 1750 498 187

347 599 377 672 B
408 599 529 672 trahil
552 600 661 672 eliam
687 608 812 672 celera
838 598 888 688 A,
907 598 948 684 C,
980 599 1029 689 D,
1050 600 1124 676 &a
1144 599 1286 671 viribus
1309 622 1391 694 quce
1404 607 1494 670 sunt
1519 599 1692 694 reciproce
1707 611 1752 673 ut

344 733 530 831 quadrata
546 732 813 806 destante‘orum
829 758 854 805 a
871 733 1056 807 trahente:
1080 742 1192 806 erunt
1206 733 1377 807 absoluto
1397 741 1589 827 corporum
1607 735 1751 807 lralrere-

344 869 439 941 lium
467 866 516 956 A,
539 866 569 939 B
600 868 695 940 vires
721 866 775 938 ad
796 867 956 957 invicem,
977 877 1020 939 ut
1044 876 1134 940 sunl
1158 868 1238 964 pisa
1268 876 1419 962 corpora
1446 866 1495 953 A,
1526 868 1567 958 B,
1593 895 1751 965 quorum

342 1009 435 1074 sunl
451 1001 554 1073 vires.

369 1179 470 1252 Nam
497 1179 735 1253 attractiones
761 1178 1034 1253 acceleratrices
1060 1204 1253 1274 corporum
1281 1180 1447 1253 omnium
1472 1182 1520 1271 B,
1553 1183 1653 1268 cl)
1669 1208 1750 1256 ver-

296 1323 361 1370 sus
392 1297 444 1382 A,
477 1297 626 1393 paribus
652 1296 846 1382 distantiis,
873 1296 942 1368 sibi
971 1295 1128 1367 invicem
1159 1312 1355 1392 aequantur
1384 1323 1432 1370 ex
1460 1286 1677 1394 hypothesi;
1716 1298 1753 1373 81

295 1412 464 1487 similiter
497 1413 734 1485 attractiones
768 1410 1042 1485 acceleratrices
1085 1435 1280 1507 corporum
1323 1413 1488 1487 omnium
1531 1440 1661 1488 versus
1703 1416 1750 1501 B,

295 1531 447 1627 paribus
477 1530 671 1615 distantiis,
701 1530 770 1602 sibi
800 1529 957 1603 invicem
984 1544 1187 1625 aequantur.
1249 1529 1321 1601 Est
1348 1545 1472 1604 autem
1499 1530 1669 1604 absoluta
1694 1533 1751 1605 vis

294 1648 491 1721 attractiva
516 1647 679 1742 corporis
705 1647 745 1718 A
775 1645 823 1718 ad
850 1645 927 1717 vim
953 1643 1160 1718 absolutam
1186 1647 1419 1719 attractivam
1446 1647 1608 1743 corporis
1635 1649 1683 1735 B,
1711 1662 1753 1721 ut

294 1764 465 1837 attractio
494 1761 731 1836 acceleratrix
757 1787 951 1858 corporum
982 1762 1146 1835 omnium
1174 1788 1304 1835 versus
1334 1763 1374 1835 A
1412 1762 1461 1834 ad
1496 1762 1752 1836 attractionem

293 1877 587 1952 acceleratricem
623 1904 818 1974 corporum
849 1879 1013 1952 omnium
1048 1904 1178 1951 versus
1212 1879 1259 1965 B,
1286 1879 1436 1974 paribus
1466 1879 1670 1968 distantiis;
1716 1881 1753 1955 81

295 1997 347 2069 ita
377 2012 435 2069 est
464 1997 634 2070 attractio
660 1994 895 2069 acceleratrix
922 1997 1150 2092 corporisB
1175 2021 1305 2068 versus
1335 1996 1388 2081 A,
1416 1995 1464 2068 ad
1495 1998 1751 2071 attractionem

293 2111 587 2187 acceleratricem
622 2113 785 2209 corporis
819 2114 859 2185 A
897 2139 1027 2186 versus
1061 2115 1107 2186 B.
1187 2112 1264 2185 Sed
1305 2114 1474 2187 attractio
1516 2112 1752 2189 acceleratrix

295 2231 461 2327 corporis
478 2232 517 2303 B
542 2256 673 2304 versus
691 2231 731 2303 A
761 2230 891 2303 estad
918 2231 1174 2304 attractionem
1200 2228 1492 2304 acceleratricem
1518 2233 1681 2327 corporis
1706 2235 1748 2306 A

296 2372 428 2421 versus
453 2348 501 2433 B,
521 2362 562 2420 ut
588 2372 711 2419 massa
737 2347 900 2443 corporis
926 2347 966 2419 A
997 2345 1044 2418 ad
1072 2372 1233 2418 massam
1260 2347 1422 2443 corporis
1452 2348 1518 2432 B,·
1556 2366 1753 2446 propterea

294 2465 398 2562 quod
426 2465 524 2537 vires
556 2464 737 2550 motrices,
769 2489 854 2560 qua:
874 2463 956 2559 (per
980 2463 1234 2537 definitionem
1262 2464 1472 2550 secundam,
1491 2467 1688 2561 septimam
1715 2467 1752 2541 81

294 2582 482 2679 octavam)
512 2597 598 2653 sunt
617 2597 659 2654 ut
675 2581 773 2653 vires
799 2579 1071 2653 acceleratrices
1099 2580 1135 2653 dt
1161 2606 1316 2677 corpora
1341 2595 1498 2655 attracta
1515 2583 1748 2680 conjunctim,

294 2699 355 2772 hic
386 2713 473 2770 sunt
505 2696 586 2796 (per
617 2713 739 2770 motus
767 2695 888 2794 legem
920 2696 1081 2795 tertiam)
1114 2697 1184 2770 sibi
1213 2698 1373 2770 invicem
1405 2697 1576 2794 aequales.
1645 2699 1750 2797 Ergo

292 2815 467 2888 absoluta
489 2815 547 2887 vis
570 2814 766 2887 attractiva
793 2816 956 2910 corporis
983 2815 1023 2886 A
1044 2830 1101 2887 est
1118 2814 1165 2886 ad
1190 2813 1398 2888 absolutam
1417 2815 1493 2886 vim
1518 2816 1752 2889 attractivam

292 2932 459 3027 corporis
476 2932 526 3020 B,
545 2946 586 3002 ut
604 2955 728 3003 massa
745 2933 907 3027 corporis
924 2932 965 3004 A
986 2931 1033 3004 ad
1053 2957 1213 3005 massam
1232 2931 1395 3027 corporis
1412 2932 1459 3004 B.
1514 2932 1558 3022 Q.
1572 2933 1621 3006 Ε.
1637 2935 1687 3007 D.

364 3048 481 3121 Cerel.
508 3072 535 3122 1.
577 3047 678 3120 Hinc
707 3047 737 3119 si
765 3045 910 3144 singula
939 3049 1151 3143 systematis
1182 3074 1335 3145 corpora
1364 3049 1418 3135 A,
1447 3050 1495 3136 B,
1531 3051 1569 3136 C,
1598 3051 1649 3137 D,
1669 3050 1748 3138 dcc,

290 3164 449 3240 seorsim
467 3179 634 3261 spectata
665 3163 814 3237 trahant
841 3179 974 3238 caetera
1001 3166 1127 3238 omnia
1154 3166 1294 3238 viribus
1322 3164 1646 3253 acceleratricibus,
1666 3193 1752 3264 quae

290 3298 382 3356 sunt
399 3283 585 3379 reciproce
609 3297 650 3354 ut
671 3281 852 3377 quadrata
878 3281 1135 3355 distantiarum
1162 3308 1185 3355 a
1216 3282 1405 3370 trahente;
1432 3299 1540 3356 erunt
1557 3309 1752 3380 corporum

293 3399 442 3474 illorum
459 3400 626 3474 omnium
644 3399 743 3472 vires
760 3395 939 3498 absolutae
958 3398 1005 3472 ad
1025 3400 1183 3473 invicem
1202 3416 1243 3472 ut
1258 3416 1345 3473 sunt
1364 3399 1444 3496 ipsa
1461 3426 1624 3498 corpora.

367 3519 485 3591 Cerel.
509 3542 539 3590 2.
572 3515 720 3589 Eodem
738 3530 967 3611 argumento,
987 3516 1018 3588 si
1045 3516 1190 3614 singula
1216 3518 1427 3611 systematis
1453 3543 1607 3614 corpora
1631 3518 1686 3604 A,
1704 3519 1751 3604 B,

297 3634 340 3721 C,
359 3636 410 3720 D,
436 3633 501 3709 &c
529 3633 685 3706 seorsim
717 3647 885 3726 spectata
914 3632 1063 3706 trahant
1091 3649 1225 3707 caetera
1255 3634 1381 3707 omnia
1410 3634 1550 3706 viribus
1577 3633 1755 3707 accelera-

292 3751 457 3835 tricibuS,
494 3774 579 3845 quae
614 3763 701 3820 sunt
731 3747 791 3821 vel
828 3750 1021 3845 reciproce,
1057 3749 1117 3823 vel
1152 3750 1291 3823 directe
1323 3750 1359 3821 in
1391 3750 1533 3823 ratione
1563 3749 1753 3847 dignitatis

293 3868 549 3965 cujuscunque
567 3865 825 3938 distantiarum
851 3891 874 3938 a
901 3866 1079 3953 trahente,
1099 3893 1233 3963 quaeve
1258 3865 1462 3938 secundum
1486 3864 1607 3963 legem
1626 3892 1752 3962 quam-

292 4008 442 4079 cunque
460 4006 696 4056 communem
724 4007 771 4053 ex
795 3981 979 4055 distantiis
1005 3983 1053 4055 ab
1079 4008 1304 4079 unoquoque
1322 3981 1491 4055 trahente
1509 3981 1752 4069 definiuntur;

296 4115 443 4174 constat
460 4098 562 4195 quod
581 4121 777 4192 corporum
797 4095 939 4170 illorum
958 4099 1057 4172 vires
1075 4101 1254 4174 absolutae
1272 4114 1359 4171 sunt
1376 4114 1417 4170 ut
1434 4122 1596 4194 corpora.

367 4216 485 4288 Corel.
518 4238 550 4308 3.
595 4214 639 4286 ln
675 4229 876 4308 systemate
911 4241 1116 4311 corporum,
1145 4242 1302 4312 quorum
1336 4216 1435 4288 vires
1465 4215 1683 4288 decrescunt
1717 4213 1754 4286 in

295 4331 440 4406 ratione
458 4328 646 4427 duplicata
663 4329 930 4417 distantiarum,
950 4333 980 4404 si
1000 4334 1142 4406 minora
1159 4335 1254 4406 circa
1280 4327 1481 4404 maximum
1500 4330 1536 4403 in
1555 4328 1753 4425 ellipsibuS,

294 4446 511 4522 umbilicum
547 4469 783 4520 communem
819 4447 854 4518 in
890 4448 1042 4520 maximi
1077 4447 1171 4521 illius
1206 4464 1333 4522 centro
1368 4449 1598 4533 habentibus,
1643 4472 1754 4543 quam

295 4564 375 4638 fieri
404 4580 531 4660 potest
558 4563 842 4637 accuratissimis
868 4563 1127 4653 revolvantur;
1155 4565 1329 4639 &radiis
1357 4564 1404 4637 ad
1434 4566 1636 4638 maximum
1665 4562 1755 4637 illud
