4110 5782
731 412 873 472 LIBER
899 410 1100 471 TERTIUS.
1137 424 1146 438 ·
1569 435 1642 508 407

183 629 349 687 centrum
376 612 536 710 petebat.
594 609 709 682 Unde
736 633 819 680 cum
846 622 944 679 terra
969 605 1176 678 communis
1203 631 1376 702 suprema
1394 609 1500 705 quasi
1527 611 1642 707 duplo

183 732 332 828 gravior
357 731 405 803 sit
431 755 543 825 quam
570 752 676 822 aqua,
696 725 733 797 81
759 722 871 820 paulo
898 721 1048 795 inferius
1079 721 1116 793 in
1145 722 1280 796 fodinis
1311 726 1416 820 quasi
1447 724 1557 822 triplo
1581 728 1640 802 vel

184 846 389 943 quadruplo
424 861 488 918 aut
522 844 633 918 etiam
669 839 864 939 quintuplo
897 839 1048 936 gravior
1077 840 1310 934 reperiatur:
1354 842 1553 916 verisimile
1584 861 1641 918 est

184 966 284 1061 quod
320 964 427 1060 copia
462 963 626 1035 materiae
662 961 776 1034 totius
813 959 848 1030 in
885 972 982 1030 terra
1012 957 1117 1052 quasi
1153 955 1347 1062 quintuplo
1378 955 1437 1031 vel
1469 961 1641 1057 sextuplo

184 1084 301 1179 major
330 1082 378 1153 sit
406 1104 518 1177 quam
546 1079 577 1152 si
608 1094 687 1151 tota
717 1103 765 1150 ex
795 1101 893 1172 aqua
918 1088 1126 1160 constaret3
1158 1074 1363 1169 praesertim
1393 1101 1477 1148 curn
1504 1092 1639 1152 terram

183 1197 288 1292 quasi
307 1194 514 1293 quadruplo
532 1195 742 1268 densiorem
763 1218 846 1266 esse
864 1218 977 1288 quam
992 1192 1122 1288 jovem
1143 1191 1222 1287 jam
1248 1206 1335 1265 ante
1361 1209 1551 1267 ostensum
1578 1197 1635 1270 sit
1663 1205 1665 1210 ’

183 1313 322 1406 Quare·
336 1314 367 1386 si
389 1314 529 1410 jupiter
545 1311 657 1408 paulo
683 1312 834 1385 densior
850 1312 898 1384 sit
915 1335 1027 1406 quam
1054 1334 1161 1405 aqua,
1180 1308 1239 1380 hic
1265 1312 1386 1405 spatio
1404 1311 1548 1385 dierum
1574 1314 1636 1387 tri-

182 1432 294 1527 ginta,
323 1430 457 1525 quibus
487 1428 757 1527 longitudinem
788 1450 862 1521 459
889 1426 1246 1499 semidiametrorum
1277 1453 1426 1500 suarum
1455 1429 1639 1516 describit,

184 1547 371 1618 amitteret
402 1545 438 1616 in
467 1545 591 1618 medio
622 1544 790 1641 ejusdem
818 1542 1014 1616 densitatis
1042 1567 1125 1614 cum
1156 1554 1241 1616 a'e‘re
1272 1559 1399 1617 nostro
1430 1561 1553 1619 motus
1583 1548 1640 1620 sui

185 1680 328 1760 partem
346 1664 423 1736 sere
444 1664 636 1736 decimam.
708 1663 850 1735 Verum
877 1687 960 1734 cum
987 1661 1195 1734 resistentia
1222 1663 1427 1737 mediorum
1454 1667 1641 1742 minuatur

185 1782 221 1853 in
241 1782 382 1855 ratione
408 1781 643 1877 ponderisac
661 1781 865 1866 densitatis
884 1779 936 1851 sic
962 1793 1003 1851 ut
1020 1803 1126 1874 aqua,
1146 1805 1230 1875 quae
1248 1781 1413 1875 partibus
1441 1782 1505 1876 13}
1523 1782 1641 1860 levior

184 1913 242 1970 est
273 1923 385 1992 quam
420 1915 615 1995 argentum
650 1899 788 1984 vivum,
821 1897 942 1969 minus
977 1895 1125 1968 resistat
1159 1896 1195 1968 in
1230 1896 1362 1969 eadem
1398 1899 1567 1990 ratione;
1605 1904 1642 1978 8ι

184 2026 258 2103 aer,
278 2015 340 2109 qui
359 2016 525 2110 partibus
553 2019 632 2088 860.
651 2013 769 2088 levior
785 2029 843 2086 est
860 2037 972 2110 quarn
999 2037 1105 2107 aqua,
1124 2012 1245 2084 minus
1272 2014 1419 2086 resistat
1440 2016 1476 2088 in
1507 2019 1639 2093 eadem

184 2131 352 2204 ratione:
383 2131 414 2203 si
442 2131 664 2205 ascendatur
690 2131 725 2203 in
756 2129 870 2204 coelos
897 2129 959 2202 ubi
988 2129 1134 2224 pondus
1161 2129 1283 2215 medii,
1311 2130 1348 2203 in
1379 2137 1454 2228 quo
1481 2133 1640 2230 planetae

184 2263 392 2337 moventur,
412 2247 628 2320 diminuitur
653 2248 690 2321 in
717 2249 949 2338 immensum,
969 2245 1178 2320 resistentia
1203 2270 1319 2342 prope
1346 2250 1514 2324 cessabit.
1569 2252 1641 2328 Os-

183 2365 369 2437 tendimus
388 2366 515 2461 utique
535 2366 570 2437 in
589 2364 729 2438 scholio
756 2367 803 2439 ad
821 2391 924 2461 prop.
947 2388 1029 2436 xx11
1047 2363 1106 2438 lib.
1132 2387 1170 2435 11
1194 2364 1295 2458 quod
1322 2365 1353 2437 si
1379 2368 1641 2444 ascenderetur

184 2482 231 2554 ad
263 2479 496 2555 altitudinem
525 2481 733 2555 milliarium
764 2482 1006 2555 ducentorum
1037 2505 1150 2576 supra
1180 2495 1325 2567 terram,
1353 2495 1418 2557 aer
1448 2485 1497 2557 ibi
1527 2488 1641 2560 rarior

184 2598 279 2670 soret
292 2623 404 2693 quam
418 2597 465 2668 ad
484 2597 716 2693 superficiem
731 2613 837 2670 terrae
857 2598 892 2669 in
912 2598 1052 2671 ratione
1068 2621 1116 2689 30
1129 2596 1177 2669 ad
1191 2609 1639 2697 0,oooooooooooo3998,

184 2740 250 2787 seu
282 2735 630 2807 75000000000000
656 2713 703 2786 ad
736 2738 748 2785 1
786 2713 936 2786 circiter.
991 2712 1044 2785 Et
1074 2712 1159 2785 hinc
1189 2712 1296 2786 stella
1320 2716 1420 2812 jovis
1451 2719 1488 2791 in
1515 2722 1640 2795 medio

184 2830 352 2927 ejusdem
393 2829 587 2902 densitatis
626 2855 709 2903 cum
748 2842 834 2904 ae're
874 2827 935 2903 illo
973 2830 1162 2926 superiore
1198 2829 1435 2920 revolvendo,
1472 2851 1640 2934 tempore

183 2971 364 3019 annorum
388 2970 567 3031 1000000,
582 2971 630 3019 ex
648 2946 855 3020 resistentia
868 2947 981 3020 medii
1000 2971 1073 3020 non
1088 2947 1273 3022 amitteret
1286 2965 1408 3024 motus
1427 2953 1482 3026 sui
1496 2972 1640 3049 partem

183 3065 365 3137 decimam
384 3064 623 3137 centesimam
641 3063 882 3137 millesimam.
939 3064 983 3135 ln
1010 3063 1138 3159 spatiis
1162 3065 1290 3161 utique
1316 3080 1424 3141 terrae
1450 3071 1638 3165 proximis,

185 3181 273 3254 nihil
306 3183 492 3255 invenitur
521 3181 622 3278 quod
659 3181 904 3255 resistentiam
940 3195 1040 3253 creet
1070 3196 1205 3276 praeter
1233 3195 1358 3257 ae'rem
1387 3184 1641 3264 exhalationes

184 3299 221 3372 dt
250 3324 418 3394 vapores.
476 3298 550 3371 His
581 3323 628 3371 ex
658 3298 755 3371 vitro
785 3322 878 3371 cavo
908 3296 1109 3394 cylindrico
1138 3297 1419 3396 diligentissime
1450 3304 1640 3379 exhaustis

182 3419 312 3514 gravia
331 3418 425 3490 intra
442 3417 578 3490 vitrum
596 3415 780 3489 liberrime
799 3415 835 3488 &
852 3416 933 3489 sine
950 3415 1050 3488 omni
1073 3416 1281 3488 resistentia
1297 3416 1460 3490 sensibili
1479 3419 1616 3492 cadunt
1631 3449 1639 3507 ;

185 3533 304 3628 ipsum
331 3558 460 3605 aurum
489 3533 524 3605 81
551 3532 677 3628 pluma
694 3532 910 3605 tenuissima
935 3530 1043 3603 simul
1070 3528 1232 3604 demissa'
1262 3531 1395 3627 aequali
1426 3558 1510 3604 cum
1537 3533 1637 3608 velo-

185 3650 294 3722 citate
313 3650 457 3734 cadunt,
479 3650 514 3721 8ι
532 3675 619 3722 casu
637 3675 705 3722 suo
723 3647 968 3721 describendo
986 3646 1217 3719 altitudinem
1241 3646 1380 3741 pedum
1398 3663 1557 3743 quatuor
1573 3676 1640 3722 sex

185 3764 244 3838 vel
274 3781 357 3838 octo
384 3763 491 3836 simul
524 3766 690 3838 incidunt
720 3766 756 3838 in
787 3764 952 3849 fundum,
981 3780 1022 3836 ut
1051 3763 1280 3859 experientia
1310 3780 1539 3858 compertum
1569 3782 1637 3840 est.

187 3881 239 3953 Et
257 3896 456 3975 propterea
472 3881 502 3951 si
531 3881 566 3952 in
595 3880 709 3954 coelos
740 3881 962 3953 ascendatur
991 3892 1076 3952 aere
1107 3874 1463 3952 &exhalationibus
1490 3905 1638 3968 vacuoS,

185 3995 344 4092 planetae
380 3996 415 4068 &
450 4011 604 4069 cometae
639 3997 718 4070 sine
753 3996 853 4070 omni
889 3995 1097 4068 resistentia
1130 3993 1294 4067 sensibili
1329 4021 1397 4093 per
1425 3999 1545 4095 spatia
1580 3998 1640 4073 illa

185 4113 392 4185 diutissime
410 4113 665 4186 movebuntur.
