4110 5782
695 414 834 471 LIBER
862 414 1045 471 tricenti)
1052 415 1110 472 HS.
1523 490 1528 497 ,
1561 434 1633 507 317

176 606 297 681 locum
317 606 425 679 tertio
445 622 609 679 notatum
629 608 774 692 rediret,
794 625 906 703 atque
925 634 1048 679 rursus
1071 607 1225 680 totidem
1243 608 1361 680 donec
1386 609 1493 703 pyxis
1512 610 1632 683 reditu

175 750 243 796 suo
261 723 459 819 attingeret
484 722 606 796 locum
631 741 812 819 quartum.
871 725 985 796 Unde
1004 722 1184 798 concludo
1202 725 1303 819 quod
1331 724 1537 797 resistentia
1554 740 1633 799 tota

175 838 325 934 pyxidis
354 837 473 932 plenae
506 863 578 911 non
612 841 788 936 majorem
818 841 977 913 habebat
1009 841 1284 935 proportionem
1312 840 1361 912 ad
1388 841 1632 914 resistentiam

178 955 327 1051 pyxidis
353 981 480 1027 vacuae
508 981 619 1050 quam
651 960 694 1048 78
722 957 770 1030 ad
801 979 855 1048 77.
912 957 1013 1029 Nam
1040 959 1070 1028 si
1100 955 1262 1052 aequales
1290 972 1414 1029 essent
1441 957 1633 1029 ambarum

176 1071 404 1155 resistentia,
433 1072 542 1167 pyxis
572 1071 690 1166 plena,
715 1073 763 1145 ob
790 1074 865 1145 vim
896 1100 1000 1146 suam
1032 1074 1177 1147 insitam
1208 1071 1419 1168 septuagies
1451 1070 1487 1144 8t
1517 1073 1633 1146 octies

177 1188 355 1284 majorem
385 1187 421 1258 vi
451 1188 560 1260 insita
588 1189 735 1283 pyxidis
765 1216 902 1270 vacuas,
933 1207 1073 1263 motum
1100 1214 1208 1261 suurn
1239 1186 1499 1260 oscillatorium
1530 1204 1635 1263 tanto

176 1302 315 1376 diutius
342 1328 561 1377 conservare
587 1306 749 1391 deberet,
768 1322 880 1401 atque
908 1306 992 1379 ideo
1016 1302 1208 1400 completis
1232 1329 1378 1399 semper
1401 1302 1634 1378 oscillationi-

178 1421 248 1492 bus
279 1423 323 1511 78
351 1420 398 1491 ad
426 1419 505 1493 loca
524 1420 584 1493 illa
603 1439 728 1496 notata
747 1423 874 1496 redire.
933 1424 1059 1496 Rediit
1076 1438 1199 1494 autem
1218 1421 1267 1493 ad
1293 1421 1424 1493 eadem
1443 1420 1636 1516 completis

179 1534 466 1609 oscillationibus
489 1558 542 1628 77.
1005 1558 1007 1561 ·

249 1652 433 1748 Designet
452 1652 562 1749 igitur
581 1653 614 1725 Α
638 1655 882 1728 resistentiam
901 1655 1049 1750 pyxidis
1075 1655 1110 1725 in
1131 1654 1243 1749 ipsius
1261 1653 1455 1749 superficie
1473 1671 1635 1741 externa,

181 1770 217 1843 81
238 1770 267 1840 B
287 1769 531 1842 resistentiam
551 1772 699 1866 pyxidis
718 1797 844 1844 vacuae
865 1773 900 1843 in
928 1773 1093 1867 partibus
1113 1773 1263 1846 internis
1280 1802 1286 1857 ;
1315 1772 1399 1845 &si
1418 1772 1635 1845 resistentiae

180 1912 374 1982 corporum
410 1887 691 1983 aequivelocium
729 1889 764 1960 in
801 1890 966 1984 partibus
1003 1890 1154 1962 internis
1189 1890 1262 1961 sint
1297 1905 1337 1962 ut
1373 1890 1536 1977 materia,
1569 1914 1636 1961 seu

181 2028 355 2075 numerus
382 2003 640 2098 particularum
668 2006 801 2100 quibus
821 2006 1023 2079 resistitur:
1051 2006 1120 2077 erit
1148 2005 1235 2097 78ss
1259 2006 1466 2079 resistentia
1489 2006 1637 2100 pyxidis

180 2119 301 2215 plena·
329 2120 364 2191 in
392 2119 506 2215 ipsius
533 2122 698 2216 partibus
726 2122 902 2194 internis:
932 2123 1089 2217 ideoque
1116 2122 1263 2216 pyxidis
1280 2147 1408 2194 vacuae
1430 2123 1638 2194 resistentia

181 2250 260 2307 tota
279 2235 315 2306 Α
327 2235 401 2314 ÷B
427 2238 495 2309 erit
513 2239 560 2309 ad
588 2238 736 2332 pyxidis
763 2237 882 2333 plenae
911 2238 1154 2312 resistentiam
1182 2253 1297 2309 totam
1325 2237 1361 2308 A
1374 2255 1404 2317 ÷
1420 2241 1463 2330 78
1481 2238 1511 2309 B
1530 2255 1571 2310 ut
1592 2258 1636 2331 77

181 2352 229 2424 ad
253 2356 306 2444 78,
327 2352 529 2424 &divisim
550 2354 671 2433 ΑΔΓΒ
691 2359 738 2425 ad
768 2376 811 2446 77
834 2355 872 2439 B,
893 2372 933 2427 ut
955 2376 998 2447 77
1017 2355 1064 2426 ad
1091 2380 1117 2437 1,
1137 2353 1297 2448 indeque
1316 2354 1437 2433 A÷B
1462 2354 1510 2427 ad
1540 2354 1570 2426 B
1596 2371 1638 2427 ut

187 2490 230 2561 77
246 2493 269 2540 x
288 2490 331 2560 77
350 2470 397 2541 ad
423 2494 449 2554 r,
470 2470 505 2542 8t
527 2471 674 2542 divisim
694 2470 730 2541 A
751 2470 798 2541 ad
821 2470 849 2541 B
869 2487 910 2542 ut
930 2474 1025 2562 5928
1043 2471 1092 2542 ad
1120 2495 1145 2542 1.
1204 2471 1274 2541 Est
1302 2471 1413 2567 igitur
1431 2471 1638 2544 resistentia

181 2585 330 2680 pyxidis
361 2611 488 2657 vacua.
525 2587 560 2656 in
596 2587 761 2681 partibus
797 2586 948 2659 internis
980 2587 1174 2682 quinquies
1210 2584 1340 2658 millies
1371 2587 1495 2674 minor
1525 2613 1637 2683 quam

182 2703 349 2798 ejusdem
377 2703 584 2774 resistentia
610 2703 646 2774 in
673 2718 826 2774 externa
853 2704 1055 2798 superficie,
1084 2703 1119 2775 ἃ
1146 2700 1311 2798 amplius
1367 2704 1430 2776 Sic
1448 2729 1537 2776 vero
1563 2704 1636 2776 dis-

182 2834 354 2913 putamus
373 2844 419 2889 ex
438 2819 634 2914 hypothesi
662 2820 763 2915 quod
791 2822 907 2917 major
931 2819 990 2893 illa
1009 2819 1214 2893 resistentia
1241 2819 1388 2914 pyxidis
1415 2818 1543 2915 plenae,
1563 2845 1637 2893 non

182 2936 229 3007 ab
255 2934 327 3007 alia
344 2934 467 3030 aliqua
486 2961 597 3007 causa
615 2935 752 3009 latente
770 2938 916 3021 oriatur,
937 2937 1003 3008 sed
1030 2937 1078 3008 ab
1095 2936 1239 3008 actione
1257 2934 1336 3008 sola
1362 2936 1464 3009 fluidi
1485 2935 1638 3034 alicujus

183 3050 327 3123 subtilis
347 3052 382 3123 in
403 3051 589 3123 metallum
611 3051 798 3125 inclusum.

255 3167 340 3239 Hoc
359 3168 652 3262 experimentum
672 3168 822 3240 recitavi
850 3169 1068 3242 memoriter.
1126 3168 1226 3239 Nam
1245 3169 1380 3252 charta,
1401 3169 1437 3241 in
1456 3194 1530 3264 qua
1549 3167 1637 3242 illud

182 3281 382 3378 aliquando
399 3284 675 3379 descripseram,
692 3285 882 3357 intercidit
931 3286 1044 3358 Unde
1062 3285 1194 3357 sractas
1208 3284 1388 3379 quasdam
1403 3308 1638 3359 numerorum

183 3418 318 3494 parteS,
338 3427 422 3496 quae
441 3401 618 3473 memoria
636 3401 860 3485 exciderunt,
880 3403 1050 3474 omittere
1068 3400 1278 3496 compulsus
1297 3427 1388 3474 sum.

262 3517 362 3589 Nam
394 3517 518 3589 omnia
549 3517 672 3590 denuo
704 3534 949 3590 tentarenon
979 3535 1095 3590 vacat.
1166 3517 1288 3589 Prima
1314 3518 1403 3601 vice,
1432 3540 1515 3588 cum
1543 3541 1638 3591 unco

185 3632 329 3705 infirmo
356 3659 443 3704 usus
471 3658 600 3717 essem,
630 3634 738 3728 pyxis
764 3631 874 3728 plena
900 3632 1005 3705 citius
1032 3633 1294 3705 retardabatur.
1349 3633 1510 3705 Causam
1537 3658 1636 3727 quae-

185 3747 310 3832 rendo,
338 3747 457 3843 reperi
484 3749 584 3843 quod
612 3774 727 3822 uncus
754 3749 919 3821 infirmus
945 3749 1101 3822 cedebat
1127 3749 1280 3844 ponderi
1311 3749 1469 3844 pyxidiS,
1497 3747 1638 3846 &ejus

72 3866 75 3871 ⁴
185 3862 472 3935 oscillationibus
503 3864 745 3959 obsequendo
780 3866 815 3937 in
848 3881 971 3959 partes
1002 3889 1130 3937 omnes
1166 3863 1388 3938 flectebatur.
1459 3865 1638 3938 Parabam

186 3977 297 4074 igitur
315 4004 449 4051 uncum
469 3979 623 4065 firmum,
643 3997 684 4053 ut
711 3996 887 4076 punctum
911 3981 1162 4076 suspensionis
1189 3981 1381 4054 immotum
1409 3997 1583 4069 maneret,
1602 3981 1638 4055 81

186 4111 273 4166 tunc
292 4095 416 4166 omnia
435 4096 484 4167 ita
502 4115 705 4169 evenerunt
723 4097 775 4168 uti
794 4123 905 4192 supra
922 4096 1191 4192 descripsimus.
