4088 5768
818 416 958 473 rnrux
981 418 1228 477 surruptas.
1680 441 1727 509 30
1732 440 1749 510 5

291 624 393 682 motu
425 609 600 682 continuo
628 609 784 680 ducatur
815 609 849 680 in
883 625 998 683 totam
1030 610 1299 708 longitudinem
1328 612 1367 682 A
1389 638 1443 694 ιι,·
1480 611 1514 683 8ι
1547 613 1748 706 trapezium

289 752 336 798 ex
364 724 425 799 illo
452 743 553 799 motu
581 726 806 820 descriptum
834 726 914 798 sive
941 727 1024 800 huie
1052 727 1195 823 aequale
1213 726 1467 823 rectangulum
1486 729 1526 798 A
1547 754 1570 799 ιι
1585 726 1641 806 xl
1668 754 1691 799 ιι
1709 730 1748 800 Β

290 843 670 937 aequabitursummae
698 843 861 915 omnium
889 844 1003 914 MN
1024 868 1047 915 x
1075 845 1109 916 C
1118 845 1175 927 M,
1206 844 1363 937 ideoque
1394 843 1549 914 sunimae
1582 844 1746 914 omnium

290 958 522 1047 DdeK,
543 960 579 1031 id
599 976 665 1044 est,
685 984 781 1032 areae
799 959 1036 1042 BKVTn,
1092 960 1136 1047 Q.
1153 960 1200 1031 E.
1216 960 1265 1031 Β.

360 1074 478 1147 Corol.
512 1075 612 1147 Hinc
631 1102 677 1148 ex
696 1074 778 1173 lege
800 1076 1017 1148 resistentiae
1034 1075 1069 1147 81
1087 1101 1237 1147 arcuum
1256 1076 1289 1146 C
1297 1102 1330 1164 ιι,
1350 1077 1428 1149 CB
1445 1076 1651 1148 differentia
1669 1078 1709 1148 A
1725 1103 1747 1148 ιι

289 1189 411 1288 colligi
431 1207 554 1286 potest
572 1193 761 1286 proportio
781 1191 998 1263 resistentiae
1018 1191 1064 1263 ad
1082 1192 1304 1288 gravitatem
1324 1217 1434 1287 quam
1454 1192 1630 1287 proxime.

360 1306 460 1377 Nam
478 1307 508 1377 si
528 1305 718 1378 uniformis
737 1307 784 1378 sit
803 1306 1010 1378 resistentia
1037 1306 1141 1388 ΒΚ,
1162 1305 1278 1402 figura
1298 1307 1334 1377 B
1348 1307 1392 1377 Κ
1408 1307 1444 1377 T
1448 1334 1470 1377 ιι
1491 1304 1744 1404 rectangulum

289 1422 360 1493 erit
377 1423 446 1493 sub
460 1423 498 1493 B
507 1449 530 1494 ιι
546 1423 581 1495 &
595 1425 637 1494 Β
650 1424 697 1494 Κ
703 1455 716 1506 ,·
744 1423 779 1495 dt
794 1423 880 1495 inde
895 1421 1148 1518 rectangulum
1168 1423 1236 1494 sub
1253 1422 1268 1500 l
1284 1423 1321 1493 B
1331 1450 1354 1493 ιι
1370 1423 1405 1495 &
1419 1424 1459 1493 A
1473 1449 1497 1494 ιι
1515 1424 1584 1495 erit
1603 1423 1746 1519 aequale

291 1536 505 1636 rectangulo
531 1541 600 1610 sub
627 1541 698 1610 Βιι
718 1540 753 1611 &
771 1541 874 1626 ΒΚ,
896 1542 931 1612 &
949 1540 1048 1611 ΒΚ
1070 1538 1222 1634 aequalis
1250 1540 1318 1611 erit
1336 1539 1406 1616 {A
1420 1566 1452 1614 ιι.
1508 1540 1635 1632 Quare
1661 1566 1744 1613 curn

289 1655 392 1726 ΒΚ
405 1656 453 1727 sit
479 1681 670 1751 exponens
698 1656 926 1745 resistentiae,
947 1657 982 1728 u
1009 1654 1202 1752 longitudo
1229 1654 1378 1751 penduli
1406 1682 1597 1752 exponens
1623 1659 1745 1754 gravi-

290 1771 386 1856 tatis,
406 1772 474 1843 erit
493 1772 700 1843 resistentia
718 1773 765 1843 ad
786 1764 1007 1868 gravitatem
1027 1787 1067 1842 ut
1085 1771 1154 1848 {A
1170 1798 1193 1841 ιι
1207 1771 1253 1842 ad
1273 1770 1542 1868 longitudinem
1566 1772 1720 1869 penduli
1738 1803 1744 1860 ;

290 1889 442 1961 omnino
461 1905 501 1960 ut
520 1889 554 1959 in
574 1915 675 1985 prop.
696 1913 817 1960 xxvru
837 1891 1130 1962 demonstratum
1150 1904 1215 1959 est.

358 2004 399 2076 Si
429 2007 635 2078 resistentia
662 2007 709 2078 sit
736 2023 777 2079 ut
797 2006 983 2090 velocitas,
1010 2005 1128 2102 figura
1157 2005 1255 2076 ΒΚ
1270 2006 1307 2076 T
1311 2031 1334 2077 a
1365 2004 1502 2101 ellipsis
1533 2009 1602 2081 erit
1633 2034 1745 2105 quam

291 2122 467 2216 proxime.
525 2122 625 2194 Nam
644 2123 673 2193 si
694 2147 835 2217 corpus
852 2122 888 2192 in
909 2121 1031 2194 medio
1050 2145 1123 2193 non
1142 2121 1344 2206 resistente,
1360 2121 1587 2196 oscillatione
1602 2125 1745 2221 integra

270 2239 514 2329 ⁸describeret
542 2237 810 2336 longitudinem
842 2238 944 2321 BA,
972 2234 1149 2308 velocitas
1177 2237 1212 2307 in
1242 2235 1322 2309 loco
1349 2239 1481 2332 quovis
1512 2240 1555 2309 Β
1584 2239 1679 2312 soret
1705 2255 1746 2311 ut

291 2354 411 2428 circuli
443 2356 624 2428 diametro
654 2355 747 2425 AB
777 2352 950 2448 descripti
978 2352 1175 2425 ordinatim
1207 2351 1390 2447 applicata
1415 2355 1514 2426 DE.
1585 2355 1745 2428 Proinde
1773 2445 1775 2448 .

292 2496 373 2543 cum
391 2472 430 2542 B
439 2498 463 2543 a
482 2472 518 2541 in
537 2471 660 2543 medio
675 2471 878 2554 resistente,
895 2469 930 2540 ἃ
944 2469 983 2540 Β
994 2469 1035 2539 A
1054 2469 1089 2538 in
1106 2467 1229 2540 medio
1243 2493 1316 2540 non
1332 2469 1525 2542 resistente
1539 2470 1744 2566 aequalibus

293 2587 433 2659 circiter
470 2588 698 2683 temporibus
737 2587 992 2660 describantur
1011 2612 1017 2670 ;
1062 2584 1220 2678 ideoque
1259 2583 1474 2658 velocitates
1514 2587 1550 2658 in
1590 2586 1745 2686 singulis

294 2703 404 2798 ipsius
430 2704 469 2775 B
478 2730 501 2774 ιι
528 2704 683 2799 punctis,
703 2704 775 2775 sint
794 2729 905 2799 quam
932 2701 1098 2797 proxime
1125 2701 1172 2772 ad
1200 2698 1414 2774 velocitates
1434 2703 1470 2774 in
1496 2706 1642 2800 punctis
1668 2731 1745 2779 cor-

294 2819 600 2914 respondentibus
626 2817 867 2916 longitudinis
892 2819 981 2889 BA
989 2832 1056 2913 ,ut
1082 2832 1138 2889 est
1164 2818 1235 2888 Βιι
1254 2818 1300 2889 ad
1328 2819 1417 2890 BA
1431 2850 1446 2903 ,·
1472 2821 1541 2894 erit
1566 2821 1744 2897 velocitas

294 2935 327 3006 in
355 2952 491 3032 puncto
517 2937 559 3007 D
586 2937 621 3007 in
654 2937 777 3009 medio
808 2937 1001 3008 resistente
1028 2951 1069 3006 ut
1094 2932 1216 3006 circuli
1244 2934 1303 3007 vel
1332 2934 1503 3031 ellipseos
1530 2964 1642 3034 super
1667 2940 1743 3013 dia·

293 3070 409 3125 metro
435 3053 505 3124 Ba
528 3052 702 3148 descripti
729 3052 926 3125 ordinatim
953 3050 1136 3147 applicata
1151 3081 1158 3137 ;
1186 3051 1346 3148 ideoque
1374 3053 1491 3151 figura
1517 3056 1613 3128 ΒΚ
1630 3057 1667 3128 V
1680 3058 1718 3128 T
1721 3084 1744 3129 ιι

292 3166 428 3262 ellipsis
463 3169 532 3240 erit
567 3194 679 3264 quam
723 3170 899 3264 proxime.
979 3169 1073 3240 Cum
1119 3169 1327 3242 resistentia
1361 3169 1546 3245 velocitati
1592 3198 1743 3268 propor.

292 3282 437 3357 tionalis
463 3301 700 3381 supponatur,
729 3287 776 3357 sit
809 3285 900 3358 OV
923 3309 1114 3379 exponens
1141 3285 1359 3359 resistentiae
1387 3288 1423 3359 in
1453 3304 1591 3383 puncto
1622 3290 1745 3363 medio

294 3399 353 3484 O,·
381 3399 417 3471 &
442 3398 579 3495 ellipsis
606 3403 693 3473 BR
714 3403 751 3473 V
758 3403 791 3474 S
798 3428 831 3487 ιι,
859 3419 985 3473 centro
1014 3402 1055 3487 0,
1075 3401 1300 3474 semiaxibus
1322 3404 1412 3490 OB,
1435 3406 1468 3477 0
1491 3405 1528 3476 V
1548 3405 1742 3500 descripta,

292 3515 447 3614 figuram
473 3518 569 3589 ΒΚ
585 3518 622 3589 V
636 3519 673 3590 T
676 3545 710 3608 ιι,
738 3520 847 3614 eique
874 3517 1016 3613 aequale
1044 3517 1296 3616 rectangulum
1323 3520 1363 3590 A
1377 3546 1400 3591 ιι
1419 3545 1443 3592 x
1461 3522 1554 3606 ΒΟ,
1582 3523 1745 3616 aequabit

291 3635 581 3729 quamproxime.
639 3635 710 3708 Est
736 3636 847 3732 igitur
863 3637 903 3707 A
918 3661 941 3705 ιι
955 3659 979 3706 ><
993 3635 1077 3707 ΒΟ
1095 3636 1142 3706 ad
1164 3636 1198 3706 O
1218 3636 1255 3706 V
1264 3659 1287 3706 x
1301 3636 1339 3705 B
1352 3636 1386 3706 O
1404 3650 1444 3707 ut
1461 3660 1547 3708 area
1573 3634 1744 3731 ellipseos

292 3749 399 3847 hujus
418 3750 466 3822 ad
487 3753 520 3824 0
541 3752 578 3823 V
586 3777 609 3824 ><
623 3753 661 3823 Β
675 3753 730 3825 0.·
758 3752 794 3823 id
821 3768 886 3836 est,
906 3752 946 3822 A
960 3777 984 3821 ιι
1002 3750 1050 3822 ad
1072 3751 1105 3822 O
1125 3751 1162 3822 V
1174 3765 1215 3821 ut
1233 3776 1317 3823 area
1336 3751 1550 3824 semicirculi
1578 3751 1626 3823 ad
1654 3777 1742 3846 qua-

290 3865 437 3939 dratum
457 3868 557 3954 radii,
577 3869 656 3942 sive
683 3884 724 3941 ut
748 3893 784 3939 11
809 3868 856 3940 ad
879 3889 897 3960 7
917 3866 1084 3940 circiter:
1114 3866 1165 3938 Et
1192 3883 1388 3963 propterea
1404 3867 1495 3946 1¹1A
1510 3867 1599 3939 aad
1626 3866 1742 3964 longi-

290 3981 457 4057 tudinem
482 3985 634 4081 penduli
665 4001 705 4057 ut
732 3985 894 4081 corporis
921 3982 1120 4057 oscillantis
1148 3983 1356 4056 resistentia
1387 3983 1423 4055 in
1451 3982 1549 4054 Oad
1576 3982 1743 4080 ejusdem

289 4101 521 4196 gravitatem.

360 4216 472 4309 Quod
494 4222 524 4293 si
544 4221 753 4293 resistentia
770 4220 869 4290 ΒΚ
892 4219 939 4291 sit
958 4219 993 4289 in
1020 4216 1206 4313 duplicata
1234 4217 1374 4289 ratione
1392 4214 1607 4301 velocitatis,
1627 4215 1744 4314 figura

290 4333 386 4404 ΒΚ
402 4336 439 4405 V
452 4338 489 4408 T
492 4364 516 4409 ιι
542 4337 619 4410 sere
646 4335 821 4433 parabola
839 4337 907 4409 erit
925 4336 1101 4407 verticem
1128 4335 1270 4407 habens
1298 4333 1384 4405 V&
1402 4356 1513 4405 axem
1542 4335 1575 4406 0
1599 4333 1640 4419 V,
1666 4334 1741 4407 ide-

292 4473 390 4542 oque
415 4451 565 4550 aequalis
590 4454 659 4526 erit
686 4451 899 4551 rectangulo
917 4454 986 4524 sub
1013 4451 1120 4529 {Ba
1139 4451 1174 4523 ἃ
1195 4453 1228 4524 O
1249 4450 1286 4521 V
1299 4474 1410 4545 quarn
1438 4450 1614 4545 proxime.
1672 4451 1743 4524 Est

296 4562 404 4656 igitur
420 4568 673 4667 rectangulum
701 4571 769 4642 sub
795 4570 815 4648 l
832 4572 871 4642 B
880 4596 903 4641 ιι
923 4569 958 4641 ἃ
975 4571 1015 4640 A
1030 4595 1054 4640 ιι
1080 4565 1223 4663 aequale
1250 4562 1463 4661 rectangulo
1485 4566 1554 4636 sub
1580 4564 1600 4642 ἓ
1617 4566 1655 4637 Β
1664 4592 1688 4637 a
1707 4567 1743 4640 81

299 4677 332 4746 0
352 4677 561 4784 V2ideoque
583 4688 616 4759 O
636 4685 674 4758 V
686 4687 838 4782 aequalis
856 4686 876 4765 l·
893 4687 934 4757 A
948 4712 994 4759 a:
1021 4685 1057 4758 81
1076 4700 1271 4781 propterea
1288 4681 1450 4777 corporis
1468 4680 1667 4754 oscillantis
1689 4708 1743 4754 re-

299 4789 455 4872 sistentia
474 4807 510 4878 in
532 4805 566 4877 O
584 4803 631 4877 ad
659 4803 774 4898 ipsius
791 4804 1011 4901 gravitatem
1031 4818 1071 4874 ut
1091 4801 1109 4880 l
1129 4802 1170 4872 A
1183 4827 1206 4872 ιι
1226 4800 1272 4872 ad
1291 4797 1562 4896 longitudinem
1580 4797 1741 4894 penduli.

1006 4926 1028 4974 u
