4110 5782
391 505 395 512 ,
490 429 560 519 368
973 427 1041 483 Da
1060 426 1197 485 MOTU
1218 426 1473 486 conponunt

494 631 544 745 ¹-;
584 654 621 727 &
654 655 787 728 virium
823 653 1031 726 differentia
1064 653 1111 725 ad
1148 654 1258 726 medii
1296 654 1371 726 vim
1407 653 1594 726 elasticam
1630 654 1863 741 mediocrem,
1904 672 1945 728 ut

474 738 523 835 'V
826 818 877 889 H
885 817 1022 889 L-l<
1028 818 1078 889 N
1444 878 1491 951 ad
1547 848 1559 894 Ι
1668 881 1704 952 H

487 943 1404 1024 Vv-VxHL-VxKNfflLxKN
1538 936 1584 1032 p·
1630 1015 1634 1024 ,
1711 908 1754 954 ⁰0
1798 897 1863 966 est*
1903 898 1945 954 ut

484 1061 735 1245 HLV-VKN
751 1111 798 1182 aa
819 1085 864 1261 ξ]
884 1109 965 1182 sive
993 1124 1034 1181 ut
1061 1110 1311 1182 HL-KN
1334 1110 1383 1182 aa
1413 1110 1458 1197 v,
1479 1112 1641 1191 simodo
1674 1113 1737 1209 (ob
1765 1129 1945 1210 angustos

483 1289 618 1364 limites
636 1290 901 1388 vibrationum)
922 1316 1175 1386 supponamus
1195 1292 1281 1362 HL
1302 1290 1338 1363 82
1355 1292 1404 1362 K
1404 1291 1455 1362 N
1473 1292 1663 1366 indefinite
1683 1296 1843 1367 minores
1860 1319 1945 1394 esse

485 1409 691 1503 quantitate
710 1408 756 1481 V.
812 1407 940 1501 Quare
968 1434 1052 1480 cum
1081 1407 1268 1503 quantitas
1298 1407 1333 1478 V
1363 1407 1480 1493 detur,
1500 1409 1709 1483 differentia
1736 1412 1869 1483 virium
1888 1428 1945 1483 est

484 1538 526 1595 ut
543 1524 779 1613 HL-KN,
799 1524 869 1596 hoc
887 1540 945 1596 est
966 1524 1028 1620 (ob
1046 1521 1339 1618 proportionales
1357 1523 1408 1594 H
1409 1524 1593 1597 L-KN
1606 1527 1654 1598 ad
1673 1528 1778 1615 HK,
1799 1527 1835 1599 &
1856 1528 1951 1600 OM

484 1640 533 1712 ad
555 1641 621 1713 Ol
634 1639 693 1713 vel
715 1642 797 1727 ΟΡ,
817 1641 999 1736 datasque
1018 1641 1116 1713 HK
1131 1640 1166 1712 82
1187 1638 1277 1736 ΟΡ)
1298 1655 1339 1711 ut
1360 1640 1454 1712 OM
1459 1671 1472 1724 ,·
1496 1642 1613 1728 idest,
1634 1644 1664 1716 si
1685 1645 1944 1738 Fsbisecetur

487 1756 524 1829 in
554 1755 594 1842 Ω,
626 1773 667 1830 ut
695 1755 767 1852 Ωφ.
807 1757 876 1830 Et
903 1758 1036 1831 eodem
1067 1771 1287 1853 argumento
1318 1755 1524 1830 differentia
1551 1760 1684 1832 virium
1710 1761 1941 1835 elasticarum

484 1890 709 1973 punctorum
740 1873 976 1969 physicorum
1014 1872 1093 1945 e&
1121 1902 1155 1964 γ,
1176 1872 1212 1944 in
1235 1873 1354 1945 reditu
1377 1872 1520 1948 lineolae
1548 1877 1710 1973 physicae
1737 1908 1787 1970 εγ
1819 1895 1875 1951 est
1902 1894 1943 1950 ut

485 1989 556 2088 Ωφ.
610 1992 687 2065 Sed
706 1992 913 2064 differentia
935 1989 995 2064 illa
1016 1990 1067 2089 (id
1097 2006 1163 2076 est,
1182 2016 1356 2065 excessus
1384 1993 1440 2064 vis
1468 1989 1628 2065 elasticae
1656 1996 1782 2089 puncti
1800 2026 1815 2063 ε
1832 2001 1949 2090 supra

483 2109 560 2180 vim
581 2106 769 2181 elasticam
796 2108 922 2203 puncti
947 2107 986 2206 γ)
1007 2124 1065 2181 est
1090 2108 1147 2180 vis
1175 2134 1249 2203 qua
1276 2109 1466 2205 interjecta
1492 2111 1603 2182 medii
1631 2109 1764 2184 lineola
1791 2113 1943 2208 physica

482 2254 527 2317 εγ
545 2224 769 2317 acceleratur
797 2226 832 2297 in
862 2226 914 2298 itu
944 2224 980 2296 81
1011 2223 1217 2297 retardatur
1243 2225 1279 2297 in
1307 2225 1447 2312 reditu;
1486 2226 1522 2298 81
1550 2244 1746 2322 propterea
1764 2230 1821 2300 vis
1839 2254 1940 2300 acce-

482 2341 632 2416 leratrix
650 2341 794 2415 lineolae
812 2341 976 2437 physicae
994 2370 1054 2432 εγ,
1073 2356 1130 2412 est
1148 2355 1189 2412 ut
1207 2333 1321 2435 ipsius
1342 2342 1517 2415 distantia
1542 2370 1565 2415 a
1584 2344 1707 2417 medio
1724 2346 1942 2418 vibrationis

482 2458 564 2533 loco
582 2457 622 2534 Ω.
679 2457 839 2555 Proinde
873 2472 1020 2552 tempus
1054 2456 1136 2552 (per
1161 2483 1264 2553 prop.
1295 2481 1443 2530 xxxvm
1472 2458 1531 2532 lib.
1567 2459 1599 2557 1)
1621 2477 1719 2539 reete
1745 2463 1944 2557 exponitur

482 2602 550 2672 per
570 2601 695 2649 arcum
723 2577 820 2659 PI,·
857 2574 893 2646 81
925 2574 1036 2646 medii
1065 2598 1150 2668 pars
1179 2571 1325 2646 linearis
1348 2575 1400 2666 εγ
1417 2572 1499 2672 lege
1518 2578 1733 2672 praescripta
1760 2594 1940 2681 movetur,

483 2692 521 2765 id
552 2707 619 2777 est,
650 2690 734 2788 lege
763 2688 963 2763 oscillantis
991 2688 1167 2783 penduli:
1207 2705 1338 2785 estque
1366 2716 1433 2784 par
1463 2692 1556 2764 ratio
1586 2694 1744 2787 partium
1776 2695 1940 2767 omnium

485 2806 679 2879 linearium
697 2806 898 2900 exquibus
917 2805 1080 2877 medium
1099 2821 1221 2878 totum
1239 2807 1480 2901 componitur.
1537 2808 1581 2897 Q.
1594 2810 1700 2882 ΕΒ.

554 2923 671 2995 Corol.
704 2921 805 2993 Hinc
824 2937 927 3016 patet
947 2922 1048 3017 quod
1078 2946 1251 2994 numerus
1278 2921 1450 3018 pulsuum
1469 2941 1757 3020 propagatorum
1776 2926 1873 2998 idem
1893 2929 1942 2999 sit

482 3069 567 3118 cum
602 3067 757 3116 numero
791 3042 1040 3117 vibrationum
1076 3041 1238 3137 corporis
1273 3040 1429 3128 tremuli,
1460 3066 1581 3137 neque
1611 3041 1872 3137 multiplicatur
1904 3045 1940 3115 in

482 3187 610 3235 eorum
638 3184 845 3256 progressu.
903 3159 1003 3231 Nam
1035 3156 1169 3232 lineola
1200 3157 1353 3254 physica
1369 3187 1423 3249 εγ,
1443 3158 1717 3252 quumprimum
1749 3160 1795 3230 ad
1818 3159 1941 3232 locum

482 3304 589 3352 suum
626 3276 784 3373 primum
820 3275 980 3364 redierit,
1017 3275 1204 3370 quiescet;
1250 3299 1370 3369 neque
1406 3275 1581 3368 deinceps
1616 3275 1832 3359 movebitur,
1870 3277 1942 3348 nisi

481 3394 541 3468 vel
560 3395 607 3467 ab
626 3394 765 3488 impetu
793 3393 955 3488 corporis
983 3390 1137 3474 tremuli,
1157 3388 1216 3462 vel
1243 3390 1291 3461 ab
1318 3390 1457 3483 impetu
1475 3389 1647 3483 pulsuum
1666 3392 1728 3487 qui
1747 3418 1769 3463 a
1787 3419 1943 3488 corpore

482 3508 640 3585 tremulo
675 3523 936 3606 propagantur,
968 3522 1071 3581 motu
1103 3533 1202 3580 novo
1237 3507 1383 3579 cieatur.
1457 3507 1634 3599 Quiescet
1674 3508 1785 3605 igitur
1823 3534 1941 3603 quum

482 3629 642 3723 primum
661 3623 825 3722 pulsusa
843 3649 997 3718 corpore
1016 3620 1173 3695 tremulo
1191 3622 1387 3718 propagari
1406 3623 1588 3695 desinunt.

516 3963 891 4040 PROPOSITIO
938 3963 1158 4035 XLVIII.
1234 3961 1586 4033 THEOREMA
1635 3962 1913 4037 XXXVIII.

477 4136 664 4209 Pulsuum
696 4135 736 4206 in
754 4132 881 4229 fluido
910 4131 1051 4204 elastz‘co
1071 4140 1365 4225 propagatorum
1400 4130 1595 4201 velocitates
1619 4139 1707 4201 surzt
1731 4129 1771 4201 in
1797 4132 1948 4204 tattone

530 4251 723 4346 composito
741 4276 786 4323 ex
800 4249 1055 4343 subduplicata
1073 4248 1216 4318 tattone
1231 4247 1285 4318 vis
1305 4248 1457 4318 elasticce
1474 4247 1604 4319 directe
1621 4250 1669 4325 ὢ*
1686 4249 1946 4340 subduplicata

530 4368 674 4439 tattone
713 4365 903 4438 densitatis
945 4364 1084 4434 inverse
1093 4395 1107 4447 ,·
1162 4363 1198 4433 sz'
1233 4363 1334 4434 modo
1352 4363 1476 4457 stuzili
1508 4366 1562 4436 vis
1602 4365 1744 4435 elastz'ca
1782 4364 1945 4457 ejusdcm

528 4482 796 4555 condensatzbm'
811 4479 1103 4575 proportzonalis
1127 4503 1195 4550 esse
1218 4488 1455 4572 supponatur.

548 4678 627 4750 Cos.
654 4702 681 4749 1.
712 4677 752 4750 Si
785 4675 907 4747 media
942 4674 1015 4745 sint
1046 4673 1287 4769 homogenea,
1321 4673 1356 4745 &
1391 4672 1561 4768 pulsuum
1597 4671 1781 4743 distantiae
1812 4671 1849 4742 in
1881 4674 1946 4747 his

477 4794 610 4868 mediis
628 4807 823 4888 aequentur
841 4791 935 4862 inter
952 4814 1001 4873 se,
1021 4790 1087 4861 sed
1108 4805 1229 4860 motus
1257 4790 1292 4859 in
1320 4815 1394 4861 uno
1414 4790 1536 4861 medio
1555 4788 1731 4860 intensior
1747 4787 1818 4859 sit:
1848 4814 1943 4861 con-
