4088 5768
841 404 983 462 traua
1011 401 1195 462 paitrus.
1678 415 1742 491 1⁴71

289 593 462 669 teriorem
491 595 534 667 E
542 596 576 668 S
584 596 630 670 E.
684 595 743 670 Sit
773 597 808 669 S
814 597 862 670 K
884 597 1077 690 mediocris
1105 595 1280 669 distantia
1305 620 1500 690 corporum
1526 594 1564 666 P
1589 593 1626 667 a
1644 594 1694 678 S,·
1712 593 1749 666 81

289 712 453 808 eorporis
471 713 509 784 P
534 738 664 785 versus
691 713 725 785 S
748 715 918 788 attractio
943 714 1189 800 acceleratrix,
1210 714 1246 786 in
1274 713 1448 787 mediocri
1477 710 1536 784 illa
1562 712 1746 799 distantia,

291 843 501 924 exponatur
518 854 585 924 per
602 829 768 905 eandem.
843 832 886 903 ln
913 831 1100 928 duplicata
1126 832 1267 905 ratione
1294 832 1328 904 S
1336 832 1383 902 K
1404 831 1452 903 ad
1480 831 1514 903 S
1520 831 1559 903 P
1584 831 1749 926 capiatur

294 947 329 1019 S
336 946 371 1017 L
400 945 448 1017 ad
467 946 500 1017 S
508 947 560 1032 K,
581 947 617 1019 81
635 949 704 1020 erit
722 949 757 1020 S
766 949 801 1020 L
830 951 1000 1024 attractio
1018 947 1253 1023 acceleratrix
1271 949 1433 1044 corporis
1451 948 1489 1020 P
1514 973 1644 1021 versus
1663 948 1697 1020 S
1712 949 1748 1020 in

293 1063 470 1136 distantia
488 1064 620 1158 quavis
639 1064 674 1136 S
682 1066 727 1137 P.
796 1066 920 1164 Junge
937 1069 1033 1157 PT,
1055 1068 1163 1163 eique
1181 1064 1392 1162 parallelam
1411 1091 1482 1163 age
1499 1066 1603 1138 LM
1622 1092 1746 1140 occur·
1822 1152 1828 1162 ,

289 1194 432 1251 rentem
452 1179 486 1251 S
501 1179 539 1250 Τ
551 1180 587 1251 in
605 1180 661 1250 M
664 1210 678 1263 ,·
696 1179 733 1253 8t
750 1186 919 1258 attractio
937 1185 971 1257 S
979 1186 1014 1257 L
1038 1183 1244 1257 resolvetur
1263 1182 1345 1278 (per
1370 1181 1493 1279 legum
1521 1181 1628 1256 corol.
1653 1181 1688 1279 2)
1711 1183 1747 1255 in

289 1296 527 1369 attractiones
551 1296 649 1382 SM,
677 1298 785 1372 LM.
860 1302 911 1373 Et
937 1302 989 1374 sic
1016 1302 1207 1399 urgebitur
1224 1325 1357 1395 corpus
1375 1300 1413 1371 P
1439 1300 1475 1372 vi
1494 1297 1747 1372 acceleratrice

293 1412 434 1508 triplici.
491 1413 560 1484 Vis
578 1439 651 1484 una
670 1415 788 1488 tendit
805 1418 852 1489 ad
878 1419 918 1503 T,
940 1418 975 1491 81
1001 1419 1116 1491 oritur
1132 1444 1155 1490 a
1173 1434 1300 1490 mutua
1318 1417 1534 1490 attractione
1552 1442 1747 1513 corporum

296 1530 336 1602 T
348 1531 384 1603 81
401 1530 447 1603 P.
506 1529 590 1602 Hac
609 1531 644 1603 vi
664 1530 743 1603 sola
760 1558 893 1628 corpus
910 1536 948 1607 P
965 1534 1101 1607 circum
1120 1561 1253 1630 corpus
1279 1536 1318 1619 T,
1338 1535 1418 1607 sive
1445 1534 1648 1621 immotum,
1667 1535 1748 1608 sive

290 1646 361 1720 hac
396 1648 614 1720 attractione
648 1648 838 1746 agitatum,
874 1650 1082 1724 describere
1117 1651 1270 1725 deberet
1305 1652 1340 1724 81
1375 1678 1489 1738 areas
1522 1652 1625 1726 radio
1650 1652 1747 1738 PT,

290 1765 521 1861 temporibus
556 1766 859 1861 proportionales,
890 1766 926 1839 e
956 1766 1099 1864 ellipsin
1135 1769 1193 1841 cui
1229 1767 1422 1842 umbilicus
1457 1785 1515 1843 est
1550 1771 1586 1842 in
1621 1784 1748 1843 centro

289 1883 455 1977 corporis
482 1882 520 1955 T.
594 1883 702 1956 Patet
728 1883 797 1956 hoc
823 1910 891 1980 per
906 1910 1011 1980 prop.
1033 1909 1085 1975 xl,
1106 1886 1142 1959 &
1160 1885 1350 1960 corollaria
1378 1911 1396 1958 2
1427 1887 1502 1979 &3
1531 1886 1645 1960 theor.
1666 1909 1743 1959 xxl.

291 2000 362 2072 Vis
392 1998 508 2072 altera
538 2016 595 2073 est
624 2002 851 2075 attractionis
881 2003 988 2090 LM,
1025 2029 1109 2100 quae
1141 2004 1315 2101 quoniam
1348 2002 1467 2076 tendit
1496 2029 1519 2075 a
1548 2004 1587 2076 P
1620 2004 1667 2076 ad
1704 2004 1746 2089 T,

289 3172 533 3268 superaddita
550 3173 586 3244 vi
606 3172 716 3269 priori
735 3171 917 3245 coincidet
934 3197 1017 3243 cum
1036 3171 1125 3266 ipsa,
1141 3169 1177 3243 81
1191 3170 1242 3242 sic
1255 3170 1364 3243 saciet
1378 3185 1419 3241 ut
1432 3195 1528 3242 areae
1546 3169 1747 3242 etiamnum

290 3290 522 3386 temporibus
540 3287 833 3384 proportionales
851 3291 1107 3363 describantur
1131 3315 1198 3384 per
1224 3287 1332 3362 corol.
1356 3312 1376 3382 3
1405 3288 1520 3361 theor.
1542 3310 1619 3360 xxi.
1692 3287 1748 3359 At

291 3407 470 3504 quoniam
498 3431 572 3480 non
599 3422 656 3480 est
681 3408 863 3502 quadrato
894 3407 1078 3480 distantiae
1113 3408 1151 3478 P
1169 3406 1206 3478 T
1235 3406 1419 3501 reciproce
1453 3404 1746 3501 proportionalis,

292 3539 493 3619 componet
524 3549 568 3596 ea
598 3549 682 3596 cum
718 3524 755 3596 vi
783 3524 905 3619 priore
940 3525 1016 3596 vim
1044 3524 1092 3595 ab
1126 3522 1195 3595 hac
1230 3523 1469 3618 proportione
1503 3521 1746 3606 aberrantem,

293 3639 408 3736 idque
426 3665 471 3712 eo
490 3642 618 3738 magiS,
638 3666 713 3736 quo
739 3642 857 3738 major
882 3656 939 3713 est
964 3641 1153 3736 proportio
1180 3639 1288 3736 hujus
1315 3640 1372 3711 vis
1399 3639 1446 3710 ad
1474 3639 1549 3710 vim
1577 3638 1746 3733 priorem,

292 3757 436 3831 caeteris
462 3758 622 3852 paribus.
680 3755 839 3829 Proinde
866 3782 950 3829 cum
980 3756 1061 3853 (per
1089 3782 1193 3852 prop.
1223 3781 1273 3841 xi,
1294 3756 1329 3828 u
1356 3782 1423 3851 per
1448 3752 1556 3828 corol.
1582 3779 1599 3825 2
1629 3755 1744 3828 theor.

293 3872 377 3970 xxi)
406 3873 473 3958 vis,
501 3898 575 3969 qua
602 3869 739 3967 ellipsis
766 3873 860 3945 circa
886 3873 1098 3946 umbilicum
1133 3874 1170 3946 T
1189 3873 1415 3958 describitur,
1436 3872 1587 3944 tendere
1613 3871 1749 3945 debeat

292 3990 341 4063 ad
376 3988 589 4062 umbilicum
629 3988 740 4074 illum,
777 3990 813 4062 81
857 4016 939 4064 esse
983 3991 1164 4086 quadrato
1207 3991 1391 4063 distantiae
1433 3990 1472 4061 P
1489 3990 1527 4061 T
1564 3989 1748 4085 reciproce

291 4107 597 4205 proportionalis;
633 4108 690 4180 vis
727 4105 796 4179 illa.
820 4109 1034 4203 composita,
1070 4108 1276 4181 aberrando
1310 4108 1358 4179 ab
1397 4106 1465 4178 hac
1500 4106 1746 4200 proportione,

291 4223 403 4298 faciet
420 4241 461 4298 ut
487 4226 586 4298 orbis
612 4225 701 4297 ΡΑ
715 4225 754 4296 Β
779 4225 924 4298 aberret
950 4251 972 4297 a
998 4224 1116 4297 forma
1142 4222 1312 4319 ellipseos
1339 4220 1551 4295 umbilicum
1579 4221 1748 4296 habentis

292 4343 330 4415 in
356 4342 396 4414 T
399 4372 413 4425 ,·
440 4343 551 4437 idque
570 4367 615 4415 eo
637 4343 765 4440 magis,
785 4368 859 4439 quo
886 4343 1004 4439 major
1028 4357 1086 4414 est
1111 4341 1294 4413 aberratio
1320 4340 1368 4411 ab
1395 4339 1463 4411 hac
1489 4338 1747 4433 proportione;

291 4476 407 4555 atque
443 4459 526 4532 ideo
561 4459 672 4531 etiam
704 4485 779 4554 quo
810 4461 929 4557 major
959 4476 1016 4533 est
1045 4459 1235 4556 proportio
1264 4459 1322 4529 vis
1357 4456 1529 4529 secundae
1565 4456 1600 4527 L
1616 4456 1672 4526 M
1700 4455 1748 4528 ad

290 4578 371 4651 vim
398 4577 564 4672 primam,
592 4577 735 4649 caeteris
763 4577 922 4672 paribus.
992 4576 1078 4671 Jam
1105 4602 1195 4649 vero
1221 4575 1278 4646 vis
1305 4574 1412 4646 tertia
1439 4573 1537 4658 SM,
1568 4573 1748 4647 trahendo

291 4719 429 4788 corpus
462 4694 501 4766 P
534 4692 738 4768 secundum
773 4692 909 4767 lineam
945 4693 1013 4788 ipsi
1050 4693 1084 4765 S
1098 4693 1137 4765 T
1172 4689 1395 4788 parallelam,
1431 4706 1630 4786 componet
1664 4715 1748 4762 cum

289 4809 435 4886 viribus
453 4811 635 4909 prioribus
652 4812 739 4898 vim,
759 4837 843 4909 quae
871 4835 944 4885 non
972 4807 1129 4906 amplius
1156 4809 1326 4908 dirigitur
1342 4834 1365 4881 a
1382 4809 1419 4881 P
1445 4808 1481 4912 in
1509 4807 1546 4878 T
1550 4837 1568 4891 ,··
1589 4831 1749 4904 quaeque
