4110 5782
704 457 714 471 ·
738 441 880 500 LIBER
904 441 1105 500 TERTIUS.
1576 468 1649 536 4²9

193 624 227 694 S
236 623 282 694 K
306 623 353 694 ad
385 622 418 693 S
426 622 470 704 P,
491 620 527 692 u
554 619 623 714 ipsi
651 621 689 690 P
706 620 743 691 Τ
763 633 895 717 agatur
920 616 1094 715 parallela
1120 618 1154 690 L
1171 619 1227 690 M
1231 651 1245 704 ,·
1271 618 1307 692 dc
1333 621 1364 692 si
1394 623 1559 718 gravitas
1589 649 1647 696 ac-

196 738 389 811 celeratrix
419 755 526 811 terrae
563 738 599 809 in
630 735 746 809 solem
773 752 981 832 exponatur
1005 761 1073 831 per
1111 736 1323 809 distantiam
1356 740 1389 811 S
1407 741 1445 811 Τ
1464 739 1522 813 vel
1552 742 1585 813 S
1595 743 1648 827 K,

192 857 261 927 erit
292 857 326 927 S
336 856 371 926 L
403 856 567 952 gravitas
598 853 833 927 acceleratrix
863 852 961 924 lunae
993 852 1029 924 in
1060 851 1186 924 solem.
1253 853 1312 926 Ea
1340 858 1574 951 componitur
1601 885 1648 930 ex

191 971 357 1066 partibus
385 972 484 1057 SM,
503 972 538 1042 L
555 972 613 1055 M,
633 995 789 1067 quarum
807 969 842 1040 L
859 970 914 1041 M
926 969 962 1042 8t
989 968 1103 1064 ipsius
1122 969 1218 1042 SM
1230 996 1315 1066 pars
1341 973 1379 1043 T
1382 974 1438 1044 M
1458 976 1650 1069 perturbat

192 1105 333 1161 motum
352 1086 459 1175 lunae,
479 1105 520 1161 ut
539 1089 574 1160 in
594 1088 674 1161 libri
694 1087 801 1183 primi
829 1112 932 1181 prop.
950 1109 1038 1157 va1
1067 1084 1104 1158 81
1122 1085 1201 1182 ejus
1219 1086 1418 1161 corollariis
1436 1092 1647 1187 expositum

191 1219 257 1278 est.
313 1207 507 1299 Quatenus
526 1221 622 1278 terra
642 1205 677 1277 &
703 1204 789 1277 luna
808 1205 943 1277 circum
962 1230 1157 1277 commune
1180 1205 1373 1300 gravitatis
1397 1224 1562 1280 centrum
1592 1234 1646 1282 re-

191 1319 399 1405 volvuntur,
429 1323 703 1417 perturbabitur
737 1321 849 1394 etiam
880 1338 1002 1393 motus
1038 1339 1146 1394 terrae
1177 1321 1272 1393 circa
1307 1337 1473 1395 centrum
1508 1321 1597 1395 illud
1625 1350 1648 1396 a

192 1438 331 1509 viribus
350 1437 599 1511 consimilibus
613 1465 623 1524 ;
651 1438 717 1510 sed
744 1463 908 1510 summas
935 1455 1010 1510 tam
1030 1439 1162 1511 virium
1180 1465 1292 1534 quam
1320 1455 1485 1512 motuum
1513 1440 1649 1514 referre

190 1554 275 1628 licet
301 1556 349 1627 ad
376 1555 501 1628 lunam
530 1556 566 1628 ἃ
593 1580 758 1627 summas
777 1554 910 1626 virium
938 1580 1005 1648 per
1022 1553 1139 1627 lineas
1158 1555 1246 1649 ipsis
1275 1555 1451 1653 analogas
1486 1557 1524 1627 T
1532 1557 1587 1628 M
1611 1556 1648 1629 81

190 1673 285 1743 ML
319 1671 523 1769 designare.
579 1672 648 1743 Vis
675 1670 772 1763 ML
803 1671 838 1742 in
870 1670 1045 1742 mediocri
1077 1685 1144 1742 sua
1174 1672 1379 1767 quantitate
1408 1689 1465 1744 est
1495 1673 1542 1745 ad
1570 1673 1646 1746 vim

191 1788 444 1883 centripetam,
464 1815 538 1884 qua
555 1787 642 1861 luna
667 1788 703 1860 in
722 1788 811 1861 orbe
837 1813 905 1861 suo
934 1789 1029 1860 circa
1056 1805 1190 1861 terram
1217 1789 1469 1883 quiescentem
1500 1791 1548 1862 ad
1575 1791 1647 1863 dis-

191 1905 344 1977 tantiam
371 1907 409 1976 P
429 1906 466 1977 T
478 1904 618 1978 revolvi
648 1921 783 2001 posset,
804 1905 840 1977 in
867 1905 1053 2001 duplicata
1084 1905 1225 1977 ratione
1252 1920 1460 1999 temporum
1488 1906 1645 2002 periodi-

191 2046 316 2094 corum
343 2021 439 2094 lunae
459 2022 552 2094 circa
572 2038 705 2094 terram
725 2024 761 2095 81
776 2039 883 2096 terrae
902 2024 996 2095 circa
1014 2022 1130 2096 solem
1152 2022 1233 2117 (per
1246 2022 1353 2096 corol.
1376 2043 1417 2114 17
1437 2048 1539 2119 prop.
1558 2047 1646 2094 var

191 2137 250 2210 lib.
286 2138 313 2235 Ι)
351 2138 421 2212 hoc
449 2155 516 2224 est,
543 2140 578 2211 in
611 2139 797 2236 duplicata
829 2141 969 2213 ratione
997 2141 1140 2213 dierum
1170 2159 1215 2230 27
1248 2138 1324 2211 hor.
1359 2160 1377 2231 7
1405 2138 1491 2211 min.
1522 2161 1569 2231 43
1597 2139 1645 2211 ad

189 2254 268 2326 dies
298 2261 367 2348 365
397 2257 473 2328 hor.
496 2256 622 2328 6min.
644 2281 678 2346 9,
699 2257 735 2328 id
755 2274 820 2342 est,
840 2272 881 2329 ut
912 2282 1006 2331 1000
1036 2257 1084 2329 ad
1118 2258 1356 2347 178725,seu
1394 2279 1405 2325 1
1442 2253 1489 2326 ad
1524 2255 1642 2347 17866.

193 2371 408 2444 Invenimus
427 2388 552 2444 autem
578 2373 614 2444 in
642 2374 895 2468 propositione
913 2390 1043 2470 quarta
1061 2372 1171 2469 quod,
1191 2373 1221 2444 si
1253 2370 1407 2444 terra&
1437 2370 1524 2445 luna
1552 2373 1647 2446 circa

189 2513 385 2560 commune
415 2489 609 2584 gravitatis
627 2505 794 2562 centrum
826 2487 1072 2574 revolvantur,
1092 2515 1219 2563 earum
1247 2489 1424 2562 distantia
1450 2490 1645 2563 mediocris

188 2605 237 2676 ab
255 2604 413 2677 invicem
431 2607 500 2677 erit
515 2604 582 2682 60}
597 2605 954 2678 semidiametrorum
975 2607 1213 2680 mediocrium
1228 2620 1335 2678 terrae
1350 2607 1640 2702 quamproxime.

194 2723 246 2796 Et
276 2725 343 2809 vis,
375 2750 450 2819 qua
477 2722 565 2794 luna
597 2723 632 2794 in
664 2723 754 2795 orbe
785 2723 880 2796 circa
908 2739 1042 2796 terram
1071 2724 1323 2820 quiescentem
1351 2723 1400 2795 ad
1430 2723 1643 2797 distantiam

188 2843 227 2911 P
247 2841 284 2912 Τ
308 2841 666 2914 semidiametrorum
698 2841 925 2913 terrestrium
955 2839 1023 2918 60}
1055 2839 1195 2913 revolvi
1226 2857 1362 2937 posset,
1391 2856 1448 2915 est
1477 2841 1525 2914 ad
1556 2843 1643 2928 vim,

189 2984 263 3053 qua
297 2959 430 3031 eodem
474 2974 642 3053 tempore
681 2956 728 3029 ad
764 2955 978 3029 distantiam
1021 2956 1379 3032 semidiametrorum
1415 2965 1464 3033 60
1503 2958 1643 3034 revolvi

189 3091 324 3170 posset,
345 3091 385 3147 ut
404 3074 472 3154 60}
504 3076 551 3147 ad
571 3082 618 3148 60
634 3105 642 3163 ;
670 3074 706 3148 81
724 3074 804 3147 haec
822 3075 879 3148 vis
897 3074 945 3146 ad
964 3075 1041 3146 vim
1058 3073 1253 3172 gravitatis
1271 3075 1370 3169 apud
1390 3100 1457 3148 nos
1485 3092 1526 3147 ut
1549 3101 1561 3147 1
1595 3077 1643 3150 ad

189 3197 338 3265 60><60
373 3192 663 3288 quamproxime.
739 3192 904 3288 Ideoque
939 3192 996 3264 vis
1031 3191 1227 3265 mediocris
1261 3192 1358 3263 ML
1395 3208 1453 3265 est
1487 3193 1535 3266 ad
1566 3194 1642 3266 vim

186 3310 380 3407 gravitatis
408 3311 444 3382 in
462 3309 655 3406 superficie
674 3326 781 3382 terrae
813 3327 854 3384 ut
886 3336 898 3383 1
918 3336 941 3382 x
956 3310 1024 3389 60}
1051 3310 1099 3383 ad
1118 3316 1167 3382 60
1181 3333 1205 3379 ><
1219 3314 1268 3382 60
1281 3333 1305 3380 x
1320 3314 1368 3382 60
1381 3333 1405 3380 x
1425 3309 1544 3402 178535,
1576 3335 1642 3383 seu

195 3452 206 3497 1
239 3428 287 3499 ad
307 3432 500 3520 6380926.
560 3428 653 3499 Inde
670 3453 760 3500 vero
788 3427 823 3500 &
852 3453 899 3499 ex
927 3426 1164 3523 proportione
1193 3424 1371 3499 linearum
1410 3427 1447 3498 T
1452 3427 1510 3511 M,
1528 3426 1585 3497 M
1592 3426 1641 3515 L,

188 3544 298 3615 datur
315 3545 425 3615 etiam
445 3544 501 3616 vis
527 3544 564 3615 T
570 3544 627 3615 M
632 3575 643 3617 .·
671 3543 706 3616 81
725 3544 783 3616 hae
807 3558 894 3616 sunt
911 3543 1008 3616 vires
1027 3540 1114 3616 solis
1142 3542 1276 3638 quibus
1293 3539 1390 3614 lunae
1410 3557 1532 3614 motus
1559 3566 1641 3637 per-

190 3660 391 3732 turbantur.
448 3659 492 3748 Q.
513 3661 560 3735 E.
581 3662 613 3732 Ι.

356 3901 729 3975 PROPOSITIO
776 3901 946 3976 XXVI.
1005 3902 1341 3976 PROBLEMA
1386 3903 1488 3977 VlI.

233 4082 408 4155 Invenire
423 4083 681 4155 decrementum
698 4083 892 4156 horarium
909 4109 1005 4156 arere
1019 4111 1129 4180 quom
1148 4085 1249 4169 luna,
1269 4084 1374 4157 radio
1390 4084 1443 4157 ad
1456 4093 1595 4157 terram

590 4200 704 4289 ducta,
724 4202 764 4273 in
781 4201 863 4273 orbe
878 4201 1059 4274 circulari
1072 4201 1245 4275 desm'bil.

258 4379 431 4452 Diximus
449 4406 585 4470 aream,
604 4406 717 4476 quam
743 4378 831 4453 luna
861 4382 965 4456 radio
992 4382 1040 4455 ad
1068 4398 1202 4455 terram
1228 4381 1341 4454 ducto
1358 4381 1542 4466 describit,
1561 4405 1645 4453 esse

189 4499 346 4592 tempori
374 4498 696 4594 proportionalem,
717 4500 785 4572 nisi
813 4516 996 4596 quatenus
1015 4514 1138 4571 motus
1161 4497 1298 4572 lunaris
1321 4499 1370 4570 ab
1386 4499 1531 4571 actione
1557 4496 1645 4571 solis

188 4617 363 4689 turbatur.
422 4613 717 4710 inaequalitatem
743 4618 920 4691 momenti
949 4614 1008 4690 vel
1040 4616 1254 4689 incrementi
1280 4613 1414 4689 horarii
1442 4612 1501 4686 hic
1525 4614 1646 4686 inves-

189 4733 380 4829 tigandam
412 4733 663 4829 proponimus.
742 4735 798 4807 Ut
826 4735 1052 4830 computatio
1082 4731 1222 4807 sacilior
1249 4732 1433 4818 reddatur,
1462 4730 1645 4829 fingamus

187 4850 315 4922 orbem
334 4848 430 4923 lunae
459 4847 671 4926 circularem
693 4877 786 4937 esse,
807 4851 843 4924 81
875 4848 1142 4948 inaequalitates
1171 4875 1301 4924 omnes
1333 4849 1573 4948 negligamus
1600 4873 1646 4922 ea
