4110 5782
740 390 881 449 trouu
906 388 1107 449 TERTIUS.
1153 363 1156 366 ’
1576 408 1649 482 495

191 602 342 661 cometa.
364 585 401 659 in
430 585 520 659 orbe
545 585 695 681 proprio
725 583 821 658 inter
837 583 1137 658 observationem
1164 583 1321 680 primam
1348 611 1391 658 ac
1417 586 1562 660 tertiam
1589 587 1653 661 de·

189 705 351 778 scribere
369 702 491 788 debet,
512 703 670 799 ideoque
697 701 766 796 ipsi
784 702 896 774 MN
918 699 1071 797 aequalis
1097 700 1216 791 suerit,
1236 702 1268 774 si
1293 702 1405 776 modo
1422 703 1461 774 B
1478 704 1526 777 sit
1542 728 1653 777 verus

191 835 348 893 cometae
366 817 468 892 locus
486 819 522 891 in
541 816 653 914 plano
670 818 858 915 eclipticae.

260 938 448 1011 Caeterum
476 953 613 1032 puncta
641 937 688 1022 B,
703 938 732 1023 b,
747 937 774 1023 β
801 962 875 1011 non
903 934 1088 1033 quaelibet,
1107 935 1174 1009 sed
1205 961 1296 1010 vero
1321 936 1490 1031 proxima
1517 935 1655 1035 eligere

192 1056 377 1131 convenit
423 1054 465 1128 Si
484 1053 642 1153 angulus
658 1056 699 1128 A
718 1056 792 1146 Qt,
808 1056 844 1128 in
863 1081 938 1152 quo
956 1055 1156 1152 vestigium
1174 1054 1273 1128 orbis
1292 1055 1328 1127 in
1346 1053 1459 1151 plano
1477 1054 1655 1151 eclipticae
1712 1124 1717 1129 .

193 1173 420 1268 descriptum
439 1187 540 1245 secat
558 1186 695 1244 rectam
714 1173 788 1259 tB,
808 1189 1096 1269 praeterpropter
1121 1173 1350 1260 innotescat;
1378 1173 1415 1245 in
1438 1171 1576 1271 angulo
1594 1172 1657 1248 illo

194 1289 365 1362 ducenda
395 1289 464 1361 erit
495 1304 595 1361 recta
625 1287 768 1362 occulta
794 1290 835 1361 A
855 1290 895 1376 C,
927 1315 1012 1386 quae
1043 1289 1092 1360 sit
1121 1289 1169 1361 ad
1200 1288 1279 1367 {T
1284 1319 1308 1358 τ
1334 1291 1370 1362 in
1399 1289 1656 1386 subduplicata

195 1408 338 1481 ratione
369 1405 403 1477 S
413 1406 447 1495 Q
478 1405 526 1477 ad
558 1404 592 1476 S
603 1413 627 1477 l.
697 1405 749 1479 Et
782 1406 931 1504 agendo
963 1421 1100 1478 rectam
1136 1407 1170 1478 S
1180 1407 1221 1479 E
1231 1407 1278 1494 B,
1311 1408 1415 1504 cujus
1445 1433 1531 1503 pars
1564 1408 1606 1480 E
1617 1409 1656 1481 B

194 1537 362 1620 aequetur
378 1520 600 1620 longitudini
629 1521 667 1593 V
675 1531 699 1607 ί,
711 1522 1026 1616 ¹determinabitur
1049 1537 1229 1617 punctum
1246 1524 1286 1596 B
1311 1524 1413 1621 quod
1439 1526 1557 1620 prima
1575 1526 1657 1599 vice

196 1667 384 1738 usurpare
405 1639 498 1714 licet.
554 1639 655 1744 Turn
682 1655 782 1713 recta
806 1641 847 1712 A
868 1640 902 1712 C
926 1637 1049 1713 deleta
1077 1639 1113 1713 8c
1145 1640 1348 1713 secundum
1384 1642 1657 1736 praecedentem

196 1756 509 1830 constructionem
528 1754 660 1827 iterum
678 1755 798 1841 ducta,
819 1755 854 1828 dr
873 1755 1026 1828 inventa
1052 1754 1201 1852 insuper
1218 1753 1448 1853 longitudine
1466 1757 1568 1829 MP
1580 1789 1594 1842 ,·
1620 1758 1657 1830 in

198 1882 215 1945 t
226 1874 265 1945 B
282 1874 450 1969 capiatur
465 1888 644 1968 punctum
662 1872 691 1958 b,
711 1899 756 1945 ea
773 1871 927 1971 legent
944 1872 974 1944 si
999 1872 1098 1958 ΤΑ,
1117 1901 1141 1940 τ
1157 1872 1191 1945 C
1204 1897 1245 1944 se
1265 1888 1394 1946 mutuo
1419 1873 1603 1947 secuerint
1620 1875 1657 1947 in

202 1996 245 2082 Y,
277 1996 326 2068 sit
355 1994 531 2067 distantia
567 1993 606 2065 Y
613 1995 634 2066 b
663 1993 712 2066 ad
743 1994 956 2067 distantiam
998 1993 1037 2065 Y
1044 1993 1091 2078 B,
1128 1992 1164 2064 in
1200 1991 1342 2064 ratione
1371 1991 1576 2086 composita
1611 2015 1659 2065 ex

139 2189 140 2192 ,
199 2114 342 2187 ratione
359 2113 460 2185 MP
476 2112 524 2186 ad
542 2112 657 2185 MN
669 2111 705 2185 &
724 2112 866 2185 ratione
890 2108 1148 2206 subduplicata
1165 2110 1200 2181 S
1208 2109 1248 2180 B
1264 2107 1313 2181 ad
1328 2108 1362 2180 S
1371 2107 1401 2181 b.
1458 2107 1509 2181 Et
1526 2107 1659 2182 eadem

201 2231 378 2304 methodo
408 2229 671 2303 inveniendum
696 2229 765 2301 erit
792 2243 969 2322 punctum
996 2227 1144 2300 tertium
1162 2225 1189 2311 β
1206 2225 1237 2297 si
1266 2225 1379 2299 modo
1406 2224 1658 2320 operationem

200 2348 310 2421 tertio
328 2363 495 2442 repetere
513 2344 624 2418 lubet.
679 2344 756 2418 Sed
775 2344 844 2417 hac
862 2343 1040 2417 methodo
1057 2343 1291 2439 operationes
1310 2342 1393 2414 duae
1408 2357 1448 2413 ut
1461 2340 1658 2437 plurimum

200 2466 421 2539 suffecerint.
491 2463 592 2535 Nam
622 2462 654 2534 si
687 2461 863 2533 distantia
887 2460 959 2533 Bb
987 2459 1190 2557 perexigua
1219 2458 1413 2531 obvenerit
1427 2487 1435 2546 ;
1462 2474 1660 2555 postquam

202 2582 353 2655 inventa
371 2596 458 2654 sunt
475 2595 613 2676 puncta
629 2580 673 2663 F,
683 2576 766 2672 f&
787 2578 830 2663 G,
843 2603 881 2674 g,
901 2592 994 2650 actae
1012 2592 1122 2650 rectae
1139 2577 1181 2648 F
1177 2573 1217 2670 s
1225 2574 1261 2648 81
1282 2575 1357 2671 Gg
1371 2575 1549 2649 secabunt
1574 2577 1655 2649 TA

204 2699 240 2773 81
257 2729 281 2770 τ
294 2700 328 2774 C
342 2699 378 2772 in
397 2698 544 2795 punctis
562 2695 727 2793 quaesitis
743 2694 790 2766 X
802 2692 839 2767 &
855 2694 900 2767 Z.

818 2955 1050 3051 Exemplum.

275 3158 508 3255 Proponatur
524 3169 670 3229 cometa
686 3154 773 3228 anni
796 3156 898 3228 1680.
956 3152 1081 3251 Hujus
1100 3166 1241 3226 motum
1259 3178 1282 3224 a
1299 3153 1520 3226 Flamsledro
1537 3153 1661 3228 obser-

207 3289 336 3349 vatum
355 3274 391 3348 81
409 3300 456 3347 ex
474 3271 795 3347 observationibus
822 3284 1084 3365 computatum,
1103 3283 1216 3365 atque
1229 3269 1278 3341 ab
1294 3270 1448 3343 Hallet‘o
1465 3295 1512 3342 ex
1531 3270 1662 3344 iisdem

205 3396 527 3473 observationibus
545 3408 758 3478 correctum,
778 3388 904 3464 tabula
920 3414 1080 3486 sequens
1098 3388 1258 3462 exhibet
