4088 5768
853 482 995 542 LIBER
1016 482 1197 543 PRIMUS.
1692 478 1755 579 1‘31

301 680 408 756 lineae
424 678 506 776 pC
527 677 575 750 ad
602 693 744 752 motum
772 675 986 776 angularem
1014 676 1121 752 lineae
1149 678 1187 749 Ρ
1200 677 1240 764 C,
1269 678 1305 751 id
1324 686 1390 765 est,
1409 694 1450 753 ut
1466 678 1624 778 angulus
1651 682 1761 780 VCp

301 799 349 873 ad
366 794 543 897 angulum
571 796 609 868 V
618 795 652 867 C
656 796 704 868 P.
778 794 897 892 Igitur
913 795 1046 869 eodem
1071 809 1237 891 tempore
1263 820 1338 892 quo
1356 805 1489 893 corpus
1507 799 1545 870 Ρ
1570 814 1672 873 motu
1691 825 1759 874 suo

300 933 457 1012 utroque
483 912 655 1010 pervenit
678 911 727 984 ad
753 928 930 1008 punctum
957 913 1012 1002 K,
1030 922 1212 1010 corpusp
1239 913 1371 1010 aequali
1399 914 1436 987 in
1463 931 1629 989 centrum
1656 933 1758 991 motu

300 1032 492 1130 aequaliter
521 1030 732 1104 movebitur
757 1038 833 1126 ap
863 1055 993 1103 versus
1026 1030 1065 1115 C,
1097 1029 1257 1126 ideoque
1284 1030 1468 1127 completo
1499 1030 1561 1108 illo
1592 1050 1759 1132 tempore

300 1152 503 1249 reperietur
529 1145 662 1221 alicubi
691 1148 729 1219 in
756 1145 854 1221 linea
881 1148 995 1233 mkr,
1024 1172 1109 1244 quae
1136 1163 1205 1243 per
1231 1149 1451 1242 punctumk
1477 1149 1513 1222 in
1533 1149 1668 1225 lineam
1678 1154 1761 1248 pC

299 1263 612 1366 perpendicularis
640 1279 718 1351 est;
744 1264 781 1337 81
808 1280 911 1338 motu
940 1279 1151 1339 transverso
1178 1264 1344 1361 acquiret
1373 1265 1635 1352 distantiama
1660 1267 1758 1345 linea

292 1387 380 1485 pC,
412 1411 496 1483 quae
526 1385 576 1458 sit
605 1384 653 1457 ad
679 1383 893 1457 distantiam
911 1407 1022 1479 quam
1041 1407 1174 1479 corpus
1194 1379 1351 1456 alterum
1368 1386 1407 1457 Ρ
1431 1387 1587 1484 acquirit
1612 1415 1635 1462 a
1660 1386 1757 1464 linea
1811 1427 1813 1433 ⁴

299 1504 337 1575 Ρ
351 1504 390 1589 C,
426 1517 467 1575 ut
502 1516 559 1574 est
589 1516 712 1574 motus
743 1515 975 1574 transversus
1005 1500 1168 1596 corporis
1189 1510 1222 1598 p
1251 1501 1300 1574 ad
1331 1517 1473 1576 motum
1504 1520 1756 1580 transversum
1886 1584 1888 1589 ,

299 1620 462 1716 corporis
480 1617 630 1692 alterius
647 1619 693 1692 Ρ.
748 1616 875 1711 Quare
893 1642 976 1688 cum
993 1615 1048 1688 kr
1063 1614 1215 1712 aequalis
1229 1617 1277 1689 sit
1290 1617 1474 1692 distantiae
1493 1644 1605 1716 quam
1623 1648 1756 1719 corpus

298 1737 336 1809 Ρ
353 1737 508 1834 acquirit
526 1762 548 1809 a
564 1734 662 1809 linea
677 1734 763 1821 PC,
781 1736 905 1831 sitque
922 1759 989 1807 mr
1003 1734 1051 1807 ad
1068 1735 1128 1806 kr
1142 1748 1184 1807 ut
1199 1733 1358 1833 angulus
1385 1736 1424 1807 V
1432 1737 1467 1810 C
1462 1745 1495 1833 p
1512 1738 1560 1810 ad
1579 1737 1755 1838 angulum

300 4088 340 4160 V
348 4087 384 4161 C
389 4088 437 4174 P,
456 4087 526 4162 hoc
543 4102 610 4174 est,
628 4101 671 4160 ut
688 4103 811 4161 motus
837 4103 1070 4162 transversus
1096 4089 1260 4183 corporis
1276 4097 1309 4185 p
1335 4088 1383 4162 ad
1411 4104 1552 4162 motum
1571 4103 1753 4161 transver-

290 4231 376 4279 sum
394 4206 557 4302 corporis
575 4206 621 4290 Ρ,
640 4204 876 4279 manifestum
894 4220 952 4279 est
977 4204 1078 4302 quod
1096 4230 1229 4301 corpus
1245 4215 1278 4303 p
1304 4203 1488 4308 completo
1506 4205 1569 4280 illo
1585 4221 1753 4302 tempore

291 4323 496 4420 reperietur
531 4323 567 4395 in
602 4319 684 4396 loco
718 4349 763 4396 m.
835 4322 931 4396 Haec
962 4322 1013 4395 ita
1042 4348 1084 4397 se
1111 4322 1302 4428 habebunt
1330 4323 1393 4396 ubi
1421 4331 1624 4426 corporap
1652 4323 1688 4396 &
1703 4324 1753 4422 Ρ

292 4438 486 4539 aequaliter
505 4441 710 4516 secundum
738 4441 853 4514 lineas
872 4441 955 4537 pC
977 4440 1013 4513 &
1038 4440 1123 4512 PC
1146 4455 1350 4526 moventur,
1370 4439 1529 4541 ideoque
1547 4438 1752 4541 aequalibus

291 4558 434 4632 viribus
464 4559 668 4633 secundum
698 4556 815 4633 lineas
849 4553 930 4630 illas
964 4572 1151 4655 urgentur.
1223 4558 1401 4654 Capiatur
1434 4572 1559 4630 autem
1593 4557 1751 4657 angulus

282 4684 315 4772 p
330 4676 401 4749 Cn
432 4675 480 4748 ad
511 4673 695 4775 angulum⁴
706 4683 739 4771 p
753 4675 788 4750 C
793 4674 819 4747 k
844 4688 887 4748 ut
916 4688 974 4748 est
999 4672 1157 4772 angulus
1190 4674 1229 4748 V
1240 4674 1274 4747 C
1271 4684 1302 4771 p
1330 4674 1378 4748 ad
1404 4673 1581 4772 angulum
1603 4676 1655 4748 'V
1663 4676 1697 4748 C
1702 4677 1750 4763 P,

291 4793 415 4890 sitque
444 4793 520 4868 nC
546 4790 699 4897 aequalis
729 4791 807 4878 kC,
840 4791 877 4864 81
907 4816 1041 4888 corpus
1062 4799 1095 4887 p
1122 4788 1307 4887 completo
1338 4788 1400 4866 illo
1428 4807 1595 4888 tempore
1622 4817 1752 4869 revera

293 4908 498 5008 reperietur
526 4912 562 4984 in
591 4937 642 4997 n;
667 4910 827 5006 ideoque
854 4909 891 4981 vi
917 4910 1056 5008 majore
1073 4923 1225 5004 urgetur
1242 4934 1354 5006 quam
1372 4934 1504 5005 corpus
1521 4910 1569 4998 P,
1588 4910 1619 4982 si
1638 4910 1751 5011 modo
