4088 5768
863 405 1003 462 amaa
1025 406 1207 464 PRIMUS.
1712 414 1760 498 67

302 596 604 696 perpendiculum
625 597 712 682 ST,
729 597 764 669 81
778 597 1002 692 producatur
1015 600 1113 673 idem
1126 601 1175 673 ad
1198 602 1295 687 V‚ut
1311 602 1360 674 sit
1380 603 1418 673 Τ
1429 603 1467 673 V
1480 601 1632 699 aequalis
1651 604 1684 675 S
1703 604 1739 674 T
1746 634 1760 686 ‚·

300 729 501 809 centroque
549 713 588 784 V
617 712 653 785 tt
694 712 887 789 intervallo
920 717 961 788 A
975 717 1013 788 B
1047 718 1275 791 describatur
1308 716 1461 790 circulus
1498 720 1540 790 F
1544 720 1599 792 H.
1674 719 1759 791 Hac

250 821 478 907 'methodo
503 831 583 903 sive
609 830 744 903 dentur
769 830 844 904 duo
870 847 1005 926 puncta
1024 833 1071 921 Ρ,
1082 842 1124 928 p,
1143 834 1222 906 sive
1249 834 1333 906 duae
1360 850 1554 932 tangentes
1588 835 1626 905 T
1629 835 1678 918 R,
1698 842 1715 905 t
1724 860 1757 921 r,

300 947 383 1022 sive
408 962 584 1043 punctum
602 948 640 1017 Ρ
666 945 884 1045 &tangens
914 949 952 1019 Τ
958 950 1008 1037 R,
1025 949 1257 1022 describendi
1283 966 1369 1022 sunt
1394 949 1517 1024 circuli
1543 950 1627 1023 duo.
1696 950 1759 1039 ,Sit

298 1062 352 1137 H
376 1087 504 1136 eorum
536 1062 746 1135 intersectio
780 1064 994 1151 communis,
1028 1063 1064 1136 a
1098 1065 1278 1139 umbilicis
1313 1068 1354 1155 S,
1390 1068 1447 1155 H,
1476 1093 1547 1139 axe
1578 1066 1639 1139 illo
1669 1066 1758 1140 dato

296 1177 529 1255 describatur
552 1179 767 1275 trajectoria
852 1180 949 1254 Dico
977 1180 1123 1255 factum.
1208 1182 1309 1254 Nam
1333 1182 1540 1280 trajectoria
1561 1182 1759 1277 descripta

294 1293 363 1395 (eo
386 1296 486 1392 quod
512 1296 612 1366 PH
615 1312 647 1374 ÷
659 1296 692 1367 S
697 1298 736 1367 P
765 1296 802 1368 in
833 1295 960 1391 ellipsi‚
980 1295 1016 1368 81
1041 1298 1080 1367 P
1089 1297 1141 1367 H
1142 1298 1221 1369 -S
1229 1299 1268 1369 P
1294 1299 1330 1370 in
1357 1298 1560 1394 hyperbola
1590 1315 1759 1394 aequatur

250 1436 282 1483 ι
295 1411 375 1510 axi)
403 1412 572 1484 transibit
589 1437 656 1508 per
677 1428 854 1507 punctum
881 1414 928 1502 Ρ,
949 1412 985 1485 tt
1006 1413 1087 1509 (per
1102 1411 1237 1486 lemma
1262 1413 1445 1512 superius)
1466 1428 1594 1512 tanget
1620 1430 1756 1488 rectam

250 1574 272 1620 ς
305 1529 347 1603 T
349 1530 398 1604 R.
453 1529 506 1601 Et
536 1528 668 1601 eodem
703 1543 922 1627 argumento
955 1526 1015 1601 vel
1046 1529 1215 1602 transibit
1248 1529 1379 1602 eadem
1414 1554 1482 1624 per
1510 1545 1647 1624 puncta
1680 1530 1757 1601 duo

297 1646 348 1733 P,
353 1654 395 1742 p,
413 1643 472 1719 vel
491 1660 619 1741 tanget
637 1659 755 1717 rectas
773 1644 866 1717 duas
890 1645 928 1715 Τ
935 1644 984 1729 R,
1003 1652 1062 1716 tr.
1118 1644 1162 1733 Q.
1171 1647 1269 1719 EF.

483 1981 858 2056 PROPOSITIO
904 1982 1034 2056 XIX.
1110 1983 1444 2057 PROBLEMA
1493 1982 1573 2055 XI.

250 2266 263 2279 ‚
304 2181 416 2255 Circa
457 2179 586 2252 datum
628 2179 839 2252 umbilicum
882 2181 1128 2276 trajactom'am
1152 2179 1406 2277 parabolicam
1447 2178 1643 2262 discribere,
1677 2203 1759 2274 qua

312 2391 316 2404 ¹
416 2314 590 2386 transibit
596 2322 820 2410 perpumta
835 2312 933 2403 dato,
951 2315 1000 2392 ἐφ’
1016 2322 1129 2385 rectas
1136 2313 1317 2408 positione
1332 2311 1438 2383 datas
1453 2310 1639 2406 coatmgct.

313 2512 317 2519 ’
369 2524 428 2599 Sit
458 2526 492 2597 S
516 2524 719 2614 umbilicuS,
737 2527 776 2597 Ρ
801 2540 977 2622 punctum
1004 2525 1040 2598 81
1078 2525 1116 2598 T
1120 2526 1160 2598 R
1189 2539 1347 2621 tangens
1377 2521 1595 2619 trajectoriae
1621 2520 1754 2593 descri-

250 2638 252 2641 ’
295 2643 441 2718 bendae„
497 2643 635 2716 Centro
660 2645 706 2728 P,
726 2640 918 2716 intervallo
942 2643 1025 2714 PS
1048 2642 1215 2715 describe
1232 2637 1405 2713 circulum
1435 2640 1477 2711 F
1485 2638 1529 2710 G.
1584 2637 1649 2710 Ab
1676 2663 1755 2709 um-

292 2747 409 2833 bilico
442 2758 489 2831 ad
516 2773 730 2856 tangentem
760 2759 914 2831 demitte
944 2757 1284 2855 perpendicularem
1315 2756 1406 2841 ST,
1443 2754 1479 2827 &
1509 2752 1648 2849 produc
1675 2777 1757 2826 eam

295 2873 350 2976 ad
376 2875 418 2960 V,
437 2891 477 2948 ut
494 2877 542 2948 sit
565 2877 603 2948 T
617 2876 655 2946 V
667 2873 818 2971 aequalis
837 2875 870 2946 S
887 2876 927 2950 T.
999 2876 1146 2949 Eodem
1174 2875 1285 2948 modo
1308 2869 1572 2945 describendus
1590 2883 1647 2941 est
1664 2866 1756 2941 alter

297 2988 456 3090 circulus
470 2991 545 3088 fg,
560 2991 591 3064 si
621 2990 731 3064 datur
759 2990 914 3064 alterum
941 3008 1117 3089 punctum
1139 2999 1199 3086 p,·
1224 2988 1283 3063 vel
1313 2986 1577 3061 inveniendum
1600 2984 1754 3058 alterum

297 3122 479 3204 punctum
496 3133 527 3197 v,
548 3109 578 3180 si
596 3108 706 3181 datur
721 3107 836 3181 altera
853 3123 1010 3207 tangens
1029 3117 1089 3194 tr,·
1109 3109 1196 3181 dein
1215 3107 1281 3179 du-

296 3224 419 3298 cenda
436 3238 536 3296 recta
551 3225 581 3295 I
588 3225 630 3295 F
650 3249 733 3320 quae
752 3239 881 3322 tangat
897 3224 991 3298 duos
1015 3221 1167 3296 circulos
1184 3223 1226 3293 F
1236 3223 1280 3309 G,

284 3339 360 3438 fg
373 3340 403 3413 si
421 3341 556 3412 dantur
572 3339 647 3413 duo
665 3356 801 3437 puncta
825 3344 871 3428 Ρ,
881 3352 923 3439 p,
942 3340 1001 3414 vel
1028 3354 1190 3413 transeat
1216 3365 1283 3435 per

298 3456 378 3530 duo
395 3471 531 3551 puncta
557 3456 598 3540 V,
617 3482 648 3541 o,
667 3458 698 3528 si
716 3456 851 3529 dantur
872 3458 956 3529 duae
974 3471 1169 3554 tangentes
1194 3456 1232 3527 T
1230 3457 1278 3539 R,

299 3581 320 3645 t
328 3597 361 3658 r,
396 3570 455 3644 vel
491 3586 621 3668 tangat
646 3570 818 3644 circulum
848 3573 890 3643 F
898 3572 934 3644 G
960 3571 996 3644 &
1025 3585 1189 3644 transeat
1214 3596 1281 3666 per

298 3702 479 3785 punctum
518 3687 559 3770 V,
583 3686 614 3757 si
644 3687 753 3758 datur
782 3702 958 3781 punctum
988 3688 1027 3757 Ρ
1056 3685 1093 3759 &
1122 3701 1279 3783 tangens
1389 3700 1416 3744 Gr

306 3805 347 3878 T
353 3805 403 3877 R.
461 3802 526 3874 Ad
556 3803 598 3873 F
602 3803 632 3873 I
652 3801 806 3875 demitte
836 3799 1176 3899 perpendicularem
1203 3802 1277 3886 SI,
1357 3812 1385 3892 X

296 3943 459 4014 eamque
477 3919 601 3990 biseca
619 3918 655 3989 in
673 3919 721 3990 K
729 3949 743 4003 ,·
770 3918 805 3990 81
822 3943 893 3990 axe
912 3919 945 3990 S
953 3918 1004 4004 K,
1023 3918 1162 3991 vertice
1179 3917 1276 4012 prin·
1384 3890 1425 3942 Χ
1471 3999 1476 4006 ,

294 4032 408 4130 cipali
433 4033 482 4105 K
503 4033 730 4107 describatur
757 4030 941 4128 parabola.
1002 4033 1106 4130 Dico
1130 4033 1275 4106 factum.
1329 4011 1345 4057 ¹
1419 4043 1447 4090 k
1478 4007 1513 4098 *s

300 4149 407 4222 Nam
425 4148 609 4245 parabola,
629 4150 677 4223 ob
695 4146 857 4246 aequales
876 4150 910 4221 S
917 4149 965 4220 K
978 4147 1014 4220 &
1030 4149 1060 4219 I
1065 4148 1117 4232 K,
1146 4147 1179 4218 S
1185 4149 1224 4218 P
1241 4146 1277 4219 81

295 4265 396 4355 FP,
415 4266 584 4338 transibit
601 4291 668 4361 per
684 4281 861 4362 punctum
877 4267 929 4350 Ρ,·
948 4264 984 4337 &
1004 4264 1085 4360 (per
1100 4261 1182 4335 lem.
1204 4286 1276 4338 xw.

295 4380 411 4457 corol.
434 4380 481 4478 3.)
500 4381 549 4454 ob
574 4380 736 4477 aequales
763 4383 797 4455 S
812 4383 849 4454 T
869 4380 906 4454 &
938 4381 976 4454 T
992 4382 1030 4452 V
1051 4378 1088 4452 &
1108 4376 1285 4477 angulum
1303 4394 1442 4452 rectum
1470 4380 1504 4451 S
1516 4379 1555 4452 T
1559 4381 1608 4464 R,
1628 4394 1756 4476 tanget

297 4513 441 4573 rectam
474 4498 512 4570 T
516 4498 565 4571 R.
620 4497 772 4588 Q.E.F.
1147 4516 1149 4519 ·
