4110 5782
415 541 502 611 xxvi
895 537 1117 596 EDITORIS
1135 537 1296 595 PRAEFA
1305 538 1389 596 TIO.

416 764 462 810 eo
481 737 629 809 nomine
648 750 783 829 proeter
801 746 968 804 naturam
997 758 1079 803 esse
1106 730 1351 816 affirmabunt,
1372 732 1474 826 quod
1501 757 1548 805 ex
1575 731 1654 805 aliis
1673 758 1868 829 corporum

416 853 671 927 allectionibus
698 869 810 946 atque
837 851 933 921 adeo
959 874 1006 920 ex
1033 847 1152 920 causis
1172 849 1394 921 mechanicis
1412 850 1592 946 originem
1621 876 1694 925 non
1724 852 1867 926 habeat.

420 973 567 1044 Dantur
596 987 695 1043 certe
726 969 908 1064 primariae
940 991 1134 1060 corporum
1165 965 1399 1053 affectiones;
1444 994 1538 1063 quse,
1575 971 1750 1064 quoniam
1786 986 1872 1042 sunt

417 1088 609 1182 primariae,
630 1112 703 1160 non
723 1087 888 1181 pendent
906 1083 954 1155 ab
972 1081 1060 1157 aliis.
1132 1083 1306 1154 Viderint
1332 1084 1443 1181 igitur
1459 1110 1582 1158 annon
1602 1086 1638 1157 8c
1656 1086 1714 1159 hae
1741 1113 1872 1160 omnes

416 1206 490 1277 sint
508 1205 645 1299 pariter
663 1220 798 1299 praeter
825 1220 1002 1284 naturam,
1022 1226 1142 1295 eoque
1169 1201 1307 1296 pariter
1333 1202 1565 1298 rejiciendae:
1594 1204 1755 1276 viderint
1782 1231 1871 1277 vero

417 1321 536 1418 qualis
555 1323 603 1393 sit
620 1322 756 1394 deinde
774 1321 897 1393 futura
920 1318 1163 1414 philosophia.

486 1436 665 1511 Nonnulli
695 1453 782 1509 sunt
809 1437 944 1533 quibus
969 1435 1048 1506 haec
1077 1451 1155 1506 tota
1184 1434 1337 1529 physica
1367 1434 1523 1509 caelestis
1551 1436 1610 1511 vel
1639 1438 1723 1511 ideo
1750 1439 1871 1511 minus

339 1618 345 1630 .
417 1554 545 1651 placet,
588 1554 689 1650 quod
725 1579 808 1626 cum
853 1552 1013 1625 Carlcrz‘z'
1044 1551 1281 1647 dogmatibus
1317 1578 1483 1649 pugnare
1519 1555 1554 1626 81
1589 1556 1653 1627 vix
1688 1555 1869 1628 conciliari

416 1699 525 1767 posse
543 1672 722 1744 videatur.
781 1672 854 1743 His
873 1696 939 1742 sua
957 1669 1080 1742 licebit
1097 1670 1271 1764 opinione
1299 1670 1387 1756 srui;
1416 1698 1461 1743 ex
1489 1699 1597 1768 aequo
1615 1689 1739 1745 autem
1758 1691 1872 1771 agant

415 1805 585 1884 oportet:
626 1813 699 1861 non
732 1814 822 1885 ergo
852 1788 1092 1884 denegabunt
1121 1786 1202 1858 aliis
1234 1789 1390 1860 eandem
1422 1788 1629 1863 libertatem
1661 1818 1771 1887 quam
1802 1793 1870 1863 sibi

415 1907 566 1979 concedi
597 1904 794 2000 postulant
869 1904 1164 1977 anroxmuxu
1196 1905 1320 1999 itaque
1347 1905 1631 2003 philosophiam,
1652 1935 1736 2004 quae
1765 1910 1871 1982 nobis

415 2025 538 2097 verior
573 2023 737 2108 habetur,
775 2023 933 2094 retinere
969 2021 1005 2092 ἃ
1040 2020 1211 2116 amplecti
1247 2022 1378 2107 licebit,
1416 2025 1451 2096 8t
1486 2052 1615 2098 causas
1658 2029 1763 2122 sequi
1806 2053 1872 2122 per

416 2143 663 2237 phaenomena
680 2139 949 2234 comprobatas,
969 2138 1222 2233 potiusquam
1242 2138 1345 2210 fictas
1365 2139 1582 2214 &nondum
1602 2144 1868 2238 comprobatas.
1904 2181 1907 2186 ·

417 2259 482 2330 Ad
525 2284 652 2330 verani
688 2256 960 2352 philosophiam
996 2255 1165 2350 pertinet,
1204 2279 1325 2327 rerum
1362 2275 1510 2330 naturas
1545 2286 1591 2332 ex
1627 2262 1747 2333 causis
1781 2288 1870 2334 vere

414 2377 656 2449 existentibus
675 2376 868 2447 derivare:
896 2398 959 2444 eas
978 2396 1068 2444 vero
1086 2369 1188 2468 leges
1215 2397 1390 2466 quaerere,
1410 2376 1543 2470 quibus
1562 2376 1679 2450 voluit
1705 2403 1871 2450 summus

414 2496 539 2591 opifex
558 2494 656 2567 hunc
675 2493 802 2565 mundi
825 2489 1111 2587 pulcherrimum
1138 2491 1306 2563 ordinem
1333 2491 1516 2579 stabilire;
1545 2519 1617 2565 non
1646 2520 1709 2566 eas
1736 2494 1870 2589 quibus

414 2614 544 2708 potuit,
582 2613 612 2684 si
648 2613 699 2684 ita
733 2613 854 2683 visum
891 2610 1029 2682 suisset.
1104 2609 1253 2682 Rationi
1297 2609 1396 2681 enim
1432 2635 1634 2682 consonum
1670 2626 1736 2695 est,
1773 2627 1814 2683 ut
1848 2637 1871 2682 a

415 2730 579 2825 pluribus
609 2729 738 2813 causis
771 2729 818 2800 ab
849 2727 1009 2799 invicem
1041 2723 1205 2798 nonnihil
1242 2725 1408 2810 diversis,
1442 2725 1539 2798 idem
1571 2728 1689 2822 possit
1718 2727 1870 2800 effectus

414 2846 618 2942 prohcisci:
662 2845 742 2917 haec
777 2862 901 2916 autem
937 2867 1025 2915 vera
1060 2843 1129 2913 erit
1163 2868 1282 2927 causa,
1319 2869 1366 2915 ex
1402 2869 1475 2938 qua
1509 2869 1597 2916 vere
1632 2860 1744 2940 atque
1786 2863 1868 2917 actu

415 2961 674 3058 proficiscitur;
712 2959 863 3055 reliquae
895 2958 1015 3032 locum
1044 2984 1118 3031 non
1149 2959 1288 3032 habent
1316 2960 1352 3030 in
1383 2959 1617 3055 philosophia
1654 2987 1751 3034 vera.
1827 2963 1870 3033 ln

414 3079 614 3177 horologiis
649 3079 847 3152 automatis
886 3077 984 3149 idem
1026 3076 1156 3149 indicis
1199 3076 1332 3149 horarii
1368 3096 1490 3150 motus
1524 3078 1583 3151 vel
1622 3081 1669 3152 ab
1704 3104 1870 3174 appenso

415 3198 580 3294 pondere
598 3195 658 3269 vel
677 3197 725 3268 ab
744 3196 842 3267 intus
860 3192 1033 3267 concluso
1051 3193 1187 3267 elatere
1205 3196 1290 3266 oriri
1310 3211 1440 3290 potest.
1515 3195 1628 3288 Quod
1648 3197 1678 3268 si
1705 3194 1869 3269 oblatum

414 3313 647 3410 horologium
684 3337 813 3386 revera
848 3312 897 3383 sit
935 3311 1152 3383 instructum
1196 3313 1382 3408 pondere;
1427 3313 1606 3386 ridebitur
1647 3314 1709 3409 qui
1754 3313 1871 3410 finget

414 3431 599 3515 elaterenr,
632 3430 668 3502 δι
703 3456 750 3502 ex
781 3428 978 3525 hypothesi
1014 3428 1067 3500 sic
1101 3455 1338 3525 praepropere
1372 3429 1529 3502 conficta
1563 3447 1704 3503 motum
1741 3429 1870 3501 indicis

415 3546 599 3643 explicare
642 3547 841 3642 suscipiet:
895 3545 1059 3639 oportuit
1101 3546 1199 3617 enim
1245 3547 1425 3619 internam
1472 3547 1651 3619 machinae
1695 3547 1868 3618 fabricam

413 3664 574 3759 penitius
602 3663 830 3758 perscrutari,
850 3677 891 3735 ut
924 3662 975 3733 ita
1004 3677 1127 3734 motus
1149 3663 1327 3758 propositi
1348 3662 1566 3757 principium
1586 3689 1714 3735 verum
1742 3661 1868 3757 explo-

415 3799 534 3854 ratum
567 3780 704 3853 habere
736 3796 870 3875 posset.
930 3779 1035 3852 Idem
1067 3779 1126 3852 vel
1159 3805 1232 3852 non
1260 3778 1427 3851 absimile
1454 3780 1592 3852 seretur
1615 3782 1795 3878 judicium
1822 3782 1871 3852 de

414 3897 644 3994 philosophis
664 3896 742 3984 illis,
763 3897 825 3992 qui
846 3897 999 3968 materia
1017 3896 1177 3991 quadam
1205 3896 1444 3969 subtilissima
1470 3896 1579 3971 caelos
1598 3923 1680 3970 esse
1699 3897 1868 3993 repletos,

414 4015 509 4087 hanc
536 4030 660 4086 autem
689 4013 725 4085 in
752 4013 911 4085 vortices
932 4013 1187 4085 indesinentur
1212 4014 1271 4110 agi
1290 4013 1493 4088 voluerunt
1550 4014 1649 4085 Nam
1668 4015 1697 4086 si
1718 4015 1868 4110 phaeno-

414 4132 532 4204 menis
561 4131 620 4203 vel
650 4130 921 4203 accuratissime
955 4129 1166 4201 satisfacere
1201 4146 1354 4224 possent
1388 4157 1435 4201 ex
1471 4131 1737 4226 hypothesibus
1772 4132 1869 4219 suis;

413 4275 541 4322 veram
586 4266 710 4321 tamen
754 4246 1025 4343 philosophiam
1066 4246 1271 4329 tradidisse,
1308 4246 1344 4318 ἃ*
1379 4272 1486 4318 veras
1529 4273 1658 4319 causas
1703 4264 1869 4320 motuum

414 4365 615 4439 caelestium
635 4365 821 4437 invenisse
840 4365 1005 4437 nondum
1024 4363 1172 4436 dicendi
1190 4379 1291 4447 sunt;
1312 4363 1379 4434 nisi
1392 4361 1451 4435 vel
1467 4363 1533 4434 has
1552 4389 1681 4436 revera
1698 4364 1868 4451 existere,

415 4483 473 4556 vel
502 4482 632 4555 saltem
660 4480 751 4553 alias
779 4507 853 4554 non
880 4483 1039 4554 existere
1057 4481 1402 4552 demonstraverint.
1478 4480 1596 4576 Igitur
1621 4481 1651 4550 si
1678 4495 1868 4551 ostensum

413 4601 532 4688 fuerit,
563 4600 818 4671 universorum
847 4622 1041 4690 corporum
1070 4596 1326 4668 attractionem
1356 4597 1492 4669 habere
1523 4622 1651 4669 verum
1683 4596 1803 4668 locum
1832 4597 1868 4668 in

414 4741 535 4790 rerum
563 4730 714 4798 natura,
742 4713 943 4807 quinetiam
966 4730 1158 4785 ostensum
1185 4713 1303 4798 suerit,
1324 4740 1397 4808 qua
1425 4715 1564 4785 ratione
1591 4730 1713 4786 motus
1739 4738 1869 4785 omnes

412 4832 578 4907 caelestes
597 4832 732 4917 abinde
750 4828 970 4902 solutionem
991 4830 1188 4924 recipiant;
1216 4855 1313 4901 vana
1332 4831 1441 4903 suerit
1460 4831 1495 4903 ἃ
1514 4831 1645 4903 merito
1662 4830 1867 4902 deridenda
