4088 5768
300 456 368 547 158
774 453 841 509 DE
860 451 998 512 Jrort·
1017 452 1275 513 CORPORL'M

292 649 331 721 Ρ
350 649 389 720 T
392 649 434 720 F
453 660 553 720 recta
577 645 638 720 aui
664 644 838 742 parallela
862 672 930 744 per
954 673 1089 745 corpus
1114 648 1307 731 transiens
1326 644 1365 718 ἃ
1388 644 1486 734 GF,
1506 648 1540 719 I
1545 648 1604 721 H
1618 666 1767 725 rectaea

294 765 441 860 punctis
457 764 494 836 G
510 762 547 836 &
563 765 593 834 I
606 763 641 835 in
658 762 870 859 parallelam
889 764 987 838 illam
1004 765 1100 839 PH
1107 767 1145 838 T
1141 766 1184 837 F
1195 761 1563 861 perpendiculariter
1575 764 1761 841 demissae.

297 881 393 954 Dico
406 882 495 977 jam,
513 879 613 976 quod
639 905 726 953 area
750 882 791 953 A
808 883 899 969 ΟΡ,
918 883 1022 956 radio
1050 883 1135 955 ΟΡ
1159 882 1209 954 ab
1226 880 1331 954 initio
1348 894 1476 953 motus
1494 878 1704 979 descripta,
1720 883 1763 955 sit

296 999 453 1093 tempori
479 995 772 1093 proportionalis.
831 998 933 1071 Nam
959 1001 1017 1072 xis
1049 1001 1088 1072 T
1094 1000 1132 1072 G
1158 999 1241 1095 (per
1264 996 1392 1095 legum
1417 994 1537 1071 corol.
1570 996 1612 1097 2)
1654 998 1759 1075 resol-

293 1116 394 1187 vitur
410 1116 447 1187 in
468 1116 567 1187 vires
591 1116 629 1187 T
632 1115 677 1194 F.
694 1116 737 1187 F
744 1115 805 1198 G,·
821 1114 859 1188 8:
874 1117 933 1188 vis
957 1116 1028 1189 TI
1045 1117 1082 1190 in
1107 1116 1208 1189 sires
1240 1114 1281 1187 T
1281 1116 1339 1201 H,
1356 1114 1450 1188 HI.
1493 1114 1615 1189 Vires
1640 1135 1758 1193 autern

300 1234 338 1305 T
340 1234 386 1317 F,
413 1234 450 1305 T
453 1232 507 1305 H
525 1232 672 1329 agendo
702 1231 907 1304 secundum
931 1232 1068 1307 lineam
1092 1234 1183 1307 PF
1201 1231 1315 1329 plano
1338 1232 1379 1305 A
1395 1232 1486 1305 ΟΡ
1512 1238 1756 1332 perpendicu-

292 1345 406 1421 larem
453 1363 598 1420 mutant
648 1347 883 1422 solummodo

293 1482 435 1540 motum
482 1463 647 1559 corporis
697 1481 881 1560 quatenus

291 1582 377 1654 huic
396 1580 507 1677 plano
527 1579 877 1676 perpendicularem.
904 1654 925 1703 Β
1306 1668 1349 1715 Ὃ

294 1699 460 1794 Ideoque
472 1716 592 1770 motus
603 1698 683 1793 ejus
697 1712 880 1792 quatenus
929 1752 932 1757 .
958 1712 1291 1770 i

290 1814 493 1887 secundum
528 1814 749 1909 positionem
779 1813 879 1910 plani
931 1788 951 1931 l
1088 1860 1130 1885 x
1218 1903 1307 1919 ἡ
1508 1854 1598 1891 ....·-
1720 1832 1727 1867 ¹

289 1931 417 2015 factus
436 1931 506 2004 hoc
523 1946 590 2015 est,
611 1945 734 2003 motus
752 1932 878 2026 puncti
949 1934 1003 2029 ls
1161 1976 1166 2011 ς

288 2050 335 2133 Ρ,
354 2072 430 2144 quo
447 2048 664 2146 trajectoriae
677 2048 878 2145 vestigium
989 2050 1027 2121 'R
1328 2084 1335 2091 ·

289 2164 330 2237 A
337 2165 376 2237 Ρ
389 2165 425 2236 in
443 2163 514 2237 hoc
527 2160 638 2259 plano
650 2162 877 2249 describitur,

288 2279 389 2353 idem
422 2295 481 2353 est
513 2305 556 2351 ac
586 2278 618 2351 si
651 2279 750 2351 vires
792 2279 830 2351 T
832 2280 877 2365 F,

295 2398 335 2469 T
337 2397 390 2468 H
417 2395 640 2481 tollerentur,
676 2394 713 2468 81
746 2421 880 2492 corpus

287 2511 375 2587 solis
400 2512 540 2585 viribus
569 2512 611 2583 F
619 2511 663 2599 G,
693 2512 779 2583 HI
804 2512 880 2609 agi-

287 2644 445 2715 taretur;
472 2628 543 2701 boc
568 2640 635 2712 est,
654 2626 753 2699 idem
778 2628 877 2700 acsi

289 2769 423 2839 corpus
450 2744 487 2815 in
516 2742 630 2839 plano
655 2744 697 2814 A
714 2744 808 2829 ΟΡ,
839 2745 876 2817 ui

288 2861 493 2955 centripeta
537 2858 586 2931 ad
631 2874 799 2931 centrum
844 2861 878 2933 Ο

289 2975 467 3049 tendente
486 2974 722 3048 &summam
742 2976 876 3048 virium

286 3095 329 3168 F
339 3093 376 3166 G
402 3091 440 3165 81
468 3092 554 3164 HI
579 3105 762 3188 aequante,
791 3093 874 3166 des-

286 3210 443 3285 criberet
463 3234 613 3281 curvam
641 3209 681 3280 A
696 3211 743 3282 P.
797 3209 876 3283 Sed

283 3327 323 3400 vi
341 3324 403 3399 tali
417 3325 636 3398 describitur
648 3350 735 3398 area
746 3325 788 3397 A
799 3326 877 3398 ΟΡ

288 3444 370 3542 (per
386 3468 488 3539 prop.
513 3443 546 3538 1)
567 3442 723 3537 tempori
742 3437 1034 3537 proportionalis.
1089 3440 1133 3529 Q.
1147 3440 1196 3514 E.
1209 3441 1260 3514 D.

353 3562 470 3635 Corol.
500 3560 647 3634 Eodem
673 3574 893 3656 argumento
918 3560 949 3631 si
975 3582 1117 3653 corpus
1136 3584 1160 3630 a
1185 3556 1325 3632 viribus
1347 3561 1541 3659 agitatum
1558 3568 1611 3645 ad
1629 3584 1743 3647 centra

282 3680 359 3753 duo
384 3676 444 3751 vel
471 3674 577 3773 plura
590 3677 627 3748 in
653 3675 785 3749 eadem
811 3675 944 3771 quavis
970 3690 1069 3748 recta
1098 3675 1133 3748 C
1144 3675 1179 3747 Ο
1207 3674 1295 3748 data
1326 3678 1588 3771 tendentibus,
1615 3684 1739 3763 descri-

282 3798 388 3871 beret
414 3796 451 3869 in
477 3794 598 3892 spatio
622 3790 739 3867 libero
764 3791 899 3866 lineam
929 3816 1188 3888 quamcunque
1214 3818 1366 3866 curvam
1392 3794 1430 3867 S
1444 3796 1509 3885 Τ,·
1540 3800 1641 3879 foret
1665 3826 1739 3877 area

282 3916 324 3987 A
341 3914 424 3990 ΟΡ
440 3911 598 4007 tempori
615 3936 763 4006 semper
779 3908 1072 4006 proportionalis.
