4110 5782
721 397 863 455 LIBER
888 399 1088 460 TERTIUS.
1562 406 1634 497 483

179 613 248 660 suo
282 585 488 660 conficiens
563 587 624 659 Ex
668 615 713 662 eo
756 605 923 687 tempore
967 611 1089 667 motus
1132 597 1212 693 ejus
1256 597 1408 669 diurnus
1452 615 1633 695 perpetuo

178 705 385 802 augebatur
410 731 528 801 usque
553 706 602 779 ad
629 707 725 802 Sept.
747 731 779 799 4,
800 710 950 805 quando
976 712 1096 784 evasit
1120 713 1304 809 graduum
1331 715 1435 809 quasi
1455 717 1629 813 quinque.

182 823 301 920 Igitur
318 837 396 895 toto
414 822 485 896 hoc
503 837 670 919 tempore
688 841 834 899 cometa
851 827 899 899 ad
918 842 1052 901 terram
1078 831 1409 927 appropinquabat.
1468 834 1512 906 ld
1532 836 1632 930 quod

179 940 290 1012 etiam
326 967 373 1013 ex
401 941 582 1014 diametro
608 942 739 1037 capitis
765 944 999 1018 micrometro
1026 963 1237 1020 mensurata
1263 947 1469 1045 colligitur:
1496 953 1635 1048 quippe

178 1091 290 1161 quam
317 1065 495 1138 Hevelz‘us
522 1064 659 1159 reperit
687 1065 836 1160 Auge
864 1090 947 1139 esse
974 1081 1118 1139 tantum
1148 1065 1183 1138 6'
1214 1065 1260 1159 5''
1288 1066 1426 1140 inclusa
1454 1095 1568 1156 coma,
1596 1087 1636 1144 at

177 1185 272 1280 Sept.
294 1207 313 1255 2
342 1208 425 1256 esse
452 1180 488 1274 9'
513 1180 567 1275 7''.
623 1181 746 1277 Caput
770 1182 881 1280 igitur
911 1184 1014 1257 initio
1040 1183 1151 1282 longe
1178 1185 1299 1257 minus
1325 1187 1496 1281 apparuit
1521 1213 1633 1284 quam

177 1302 213 1374 in
241 1301 314 1374 fine
345 1316 477 1387 motus,
505 1314 544 1372 at
571 1299 674 1373 initio
700 1315 824 1372 tamen
853 1301 888 1372 in
916 1302 1049 1374 vicinia
1075 1300 1163 1375 solis
1189 1301 1301 1400 longe
1327 1300 1483 1376 lucidius
1510 1306 1635 1378 extitit

179 1447 292 1518 quam
334 1422 431 1493 circa
472 1418 593 1504 finem,
629 1433 670 1491 ut
705 1416 815 1492 refert
850 1419 949 1491 idem
985 1422 1169 1494 Hevelz'us.
1254 1421 1415 1495 Proinde
1450 1438 1529 1496 toto
1564 1424 1634 1498 hoc

176 1556 353 1636 tempore,
384 1539 434 1612 ob
469 1561 654 1610 recessum
690 1537 805 1633 ipsius
839 1563 862 1609 a
896 1535 983 1624 sole,
1019 1538 1143 1633 quoad
1187 1536 1311 1612 lumen
1347 1541 1520 1627 decrevit,
1558 1569 1632 1617 non

175 1661 349 1734 obstante
366 1682 516 1731 accessu
530 1656 583 1743 ad
602 1672 746 1729 terram.
802 1655 960 1730 Cometa
977 1657 1064 1729 anni
1088 1660 1180 1729 1618
1199 1659 1295 1730 circa
1313 1662 1476 1734 medium
1495 1665 1633 1738 mensis

175 1777 382 1850 Decembris
410 1774 446 1848 dt
480 1774 550 1847 iste
580 1774 666 1846 anni
699 1776 793 1849 1680
819 1774 913 1847 circa
940 1773 1051 1847 finem
1078 1774 1245 1872 ejusdem
1273 1779 1410 1850 mensis
1442 1781 1632 1855 celerrime

176 1897 432 1984 movebantur,
469 1896 628 1991 ideoque
662 1909 749 1968 tunc
784 1909 890 1968 erant
933 1894 968 1967 in
1013 1894 1193 1992 perigaeis.
1276 1896 1417 1970 Verum
1456 1901 1634 1996 splendor

176 2016 359 2088 maximus
394 2015 556 2110 capitum
591 2015 746 2111 contigit
780 2028 866 2086 ante
901 2013 994 2084 duas
1029 2011 1105 2085 fere
1139 2013 1376 2107 septimanas
1413 2018 1474 2090 ubi
1519 2023 1632 2095 modo

176 2136 343 2208 exierant
369 2135 418 2207 de
446 2133 558 2207 radiis
585 2131 785 2219 solaribus;
813 2130 1052 2226 &splendor
1080 2132 1262 2205 maximus
1290 2134 1489 2208 caudarum
1521 2137 1632 2233 paulo

175 2267 262 2323 ante
280 2251 317 2323 in
336 2251 475 2348 majore
492 2248 680 2322 vicinitate
706 2247 802 2323 solis.
857 2248 981 2344 Caput
998 2263 1153 2322 cometae
1170 2251 1310 2346 prioris,
1325 2253 1433 2349 juxta
1456 2254 1630 2328 observa-

176 2369 295 2442 tiones
317 2368 451 2463 Cysati,
470 2366 627 2438 Decemb.
655 2390 667 2437 1
699 2366 818 2463 majus
844 2366 1041 2439 videbatur
1066 2364 1180 2439 stellis
1198 2368 1328 2463 primae
1351 2371 1627 2468 magnitudinis,

176 2486 212 2559 &
253 2487 412 2559 Decemb.
456 2490 498 2557 16
545 2483 637 2582 (jam
681 2482 718 2555 in
761 2482 925 2579 perigaeo
967 2483 1145 2580 existens)
1191 2485 1447 2582 magnitudine
1489 2513 1629 2584 parum,

174 2603 373 2701 splendore
390 2629 455 2676 seu
477 2599 642 2675 claritate
659 2600 807 2674 luminis
824 2599 1022 2697 plurimum
1040 2599 1234 2674 defecerat
1289 2603 1388 2694 Jan.
1409 2625 1427 2697 7
1447 2606 1632 2701 Keplerus

174 2723 223 2795 de
253 2721 374 2816 capite
405 2720 564 2793 incertus
591 2718 703 2792 finem
733 2719 819 2792 fecit
843 2717 1074 2793 observandi.
1131 2718 1204 2791 Die
1237 2744 1276 2791 12
1306 2723 1444 2795 mensis
1470 2724 1628 2801 Decemb.
1672 2726 1677 2736 “

174 2853 413 2933 conspectum
432 2836 468 2909 &
485 2861 507 2908 a
524 2835 746 2908 Flamstuizb
763 2836 1001 2908 observatum
1028 2850 1085 2907 est
1111 2852 1222 2931 caput
1242 2853 1397 2912 cometae
1415 2843 1631 2936 posterioris

175 2954 211 3026 in
230 2953 405 3026 distantia
423 2978 558 3026 novem
575 2952 758 3050 graduum
777 2977 800 3023 a
817 2948 915 3037 sole,
943 2951 980 3023 id
1007 2951 1108 3047 quod
1134 2952 1251 3027 stellae
1270 2957 1388 3029 tertiae
1406 2961 1629 3057 magnitudi-

174 3071 231 3143 nis
248 3070 313 3142 vix
331 3094 547 3143 concessum
565 3067 704 3142 suisset.
774 3069 933 3142 Decemb.
962 3090 1002 3162 15
1025 3067 1061 3141 &
1084 3090 1126 3161 17
1145 3073 1317 3167 apparuit
1335 3074 1435 3148 idem
1456 3093 1497 3149 ut
1522 3076 1630 3151 stella

174 3190 293 3263 tertiae
311 3187 586 3286 magnitudinis,
606 3187 829 3260 diminutum
847 3187 975 3283 utique
1002 3185 1199 3283 splendore
1217 3191 1370 3263 nubium
1383 3193 1494 3290 juxta
1510 3194 1628 3268 solem

173 3308 412 3382 occidentem.
482 3307 641 3379 Decemb.
682 3312 728 3379 26
764 3304 997 3379 velocissime
1037 3323 1168 3392 motuS,
1206 3307 1317 3403 inque
1351 3308 1516 3405 perigaeo
1543 3335 1626 3403 pro-

172 3427 374 3521 pemodum
409 3427 581 3510 existens,
614 3423 771 3497 cedebat
800 3423 854 3496 ori
889 3422 1027 3518 pegasi,
1058 3421 1176 3496 stellae
1202 3425 1321 3497 tertiae
1348 3425 1625 3520 magnitudinis,

174 3542 315 3636 Jan.3
348 3542 551 3637 apparebat
581 3558 622 3614 ut
651 3538 758 3612 stella
789 3554 939 3634 quartae,
961 3537 1058 3627 Jan.
1088 3562 1110 3628 9
1142 3555 1182 3611 ut
1212 3537 1319 3611 stella
1349 3539 1500 3634 quintae,
1529 3540 1625 3630 Jan.

179 3681 220 3750 13
240 3659 289 3730 ob
306 3657 542 3752 splendorem
560 3656 657 3728 lunae
685 3655 883 3728 crescentis
909 3654 1098 3748 disparuit.
1170 3654 1267 3744 Jun.
1292 3678 1310 3725 2
1318 3674 1335 3746 5
1365 3654 1428 3726 vix
1456 3657 1628 3752 aequabat

171 3772 297 3846 stellas
316 3773 579 3870 magnitudinis
597 3773 775 3867 septimae.
846 3771 888 3844 Si
914 3786 1108 3842 sumantur
1132 3768 1287 3865 aequalia
1313 3795 1336 3842 a
1361 3771 1526 3869 perigaeo
1544 3773 1627 3845 hine

172 3891 259 3965 inde
285 3906 462 3985 tempora,
490 3890 611 3983 capita
636 3914 720 3984 quae
747 3889 976 3983 temporibus
1007 3886 1076 3960 illis
1109 3888 1144 3959 in
1175 3886 1386 3985 longinquis
1416 3891 1626 3987 regionibus

172 4009 302 4106 posita,
321 4007 370 4080 ob
396 4004 558 4103 aequales
584 4030 608 4078 a
633 4013 730 4078 terra
756 4004 962 4094 distantias,
981 4003 1173 4101 aequaliter
1197 4002 1319 4077 lucere
1345 4005 1568 4088 debuissent,
1590 4006 1625 4077 in
1668 4089 1670 4093 ¹

172 4125 282 4223 plaga
312 4122 399 4197 solis
431 4123 591 4196 maxime
621 4120 853 4218 splenduere,
885 4148 933 4194 ex
967 4119 1084 4195 altera
1113 4122 1264 4219 perigaei
1297 4137 1401 4216 parte
1430 4147 1624 4196 evanuere.

175 4245 293 4341 lgitur
310 4269 357 4316 ex
376 4267 511 4340 magna
536 4238 626 4314 lucis
655 4241 690 4312 in
718 4256 875 4335 utroque
901 4239 972 4310 situ
1000 4238 1206 4311 differentia
1237 4237 1466 4312 concluditur
1491 4264 1627 4335 magna

172 4348 259 4434 solis
280 4361 315 4434 &
333 4377 487 4434 cometae
506 4359 675 4432 vicinitas
693 4359 730 4430 in
744 4359 817 4430 situ
836 4358 966 4452 priore.
1017 4357 1116 4429 Nam
1131 4355 1193 4426 lux
1208 4371 1434 4429 cometarum
1449 4354 1626 4453 regularis

171 4503 255 4550 esse
281 4476 375 4551 solet
393 4477 429 4548 dc
448 4476 609 4548 maxima
626 4499 813 4571 apparere,
833 4475 894 4545 ubi
914 4473 1034 4568 capita
1052 4471 1282 4545 velocissime
1300 4490 1498 4545 moventur
1514 4489 1627 4568 atque

172 4594 257 4667 ideo
274 4612 360 4666 sunt
379 4595 413 4666 in
433 4594 625 4691 perigaeis;
654 4593 722 4664 nisi
750 4607 931 4687 quatenus
950 4615 995 4663 ea
1013 4591 1130 4687 major
1147 4605 1204 4662 est
1222 4590 1258 4661 in
1277 4589 1411 4662 vicinia
1429 4589 1526 4664 solis
