4088 5768
240 830 255 847 l·

240 862 252 876 rb

240 952 257 997 t.

240 1072 257 1091 0

240 1102 255 1119 ὁ

854 495 995 553 maan
1017 495 1198 555 Primus.
1693 505 1760 591 169

371 692 449 765 Cas.
486 716 517 765 2.
549 691 753 789 Fingamus
781 691 862 788 jam
896 677 1061 787 systema
1094 715 1290 786 corporum
1325 691 1509 766 minorum
1544 695 1657 769 modo
1678 697 1758 794 jam

297 804 486 904 descripto
504 808 599 881 circa
617 809 819 881 maximum
847 804 1127 893 revolventium,
1145 803 1293 881 aliudve
1322 809 1481 904 quodvis
1508 811 1665 884 duorum
1692 814 1758 886 cir-

298 948 385 997 cum
402 950 443 998 se
465 942 594 999 mutuo
620 924 892 999 revolventium
918 950 1113 1020 corporum
1139 938 1304 1021 systema
1329 927 1503 1025 progredi
1530 930 1762 1004 uniformiter

299 1040 339 1115 in
373 1041 563 1128 directum,
600 1042 637 1115 81
672 1043 811 1115 interea
845 1042 884 1115 vi
918 1041 1081 1138 corporis
1120 1039 1269 1114 alterius
1304 1040 1415 1141 longe
1449 1045 1600 1117 maximi
1636 1045 1673 1119 dt
1711 1047 1759 1119 ad

298 1182 475 1256 magnam
501 1159 715 1232 distantiam
738 1160 798 1231 siti
825 1159 947 1256 urgeri
973 1159 1021 1231 ad
1048 1156 1153 1232 latus.
1209 1159 1262 1232 Et
1279 1160 1454 1255 quoniam
1472 1159 1635 1256 aequales
1660 1161 1759 1234 vires

295 1274 580 1362 acceleratrices,
608 1277 742 1372 quibus
773 1301 928 1371 corpora
962 1277 1165 1349 secundum
1200 1275 1316 1349 lineas
1346 1273 1539 1373 parallelas
1569 1293 1757 1376 urgentur,

297 1415 373 1467 non
413 1408 558 1465 mutant
595 1393 687 1466 situs
725 1418 920 1489 corporum
955 1394 1003 1467 ad
1040 1395 1208 1480 invicem,
1243 1394 1311 1468 sed
1347 1409 1388 1466 ut
1426 1410 1590 1490 systema
1628 1411 1757 1484 totum,

261 1556 264 1566 ·
295 1509 456 1582 servatis
498 1511 657 1605 partium
701 1511 862 1585 motibus
906 1511 1001 1584 inter
1039 1536 1089 1598 se,
1130 1509 1237 1584 simul
1278 1510 1528 1601 transferatur,
1567 1512 1757 1588 efficiunt:

296 1626 535 1700 manifestum
565 1644 631 1714 est,
664 1628 765 1725 quod
796 1655 843 1702 ex
873 1628 1151 1701 attractionibus
1183 1629 1219 1701 in
1250 1653 1383 1724 corpus
1414 1628 1617 1701 maximum
1658 1627 1758 1703 nulla

295 1768 449 1840 prorsus
467 1745 604 1818 orietur
621 1746 777 1819 mutatio
795 1760 917 1818 motus
935 1759 1173 1817 attractorum
1192 1745 1287 1818 inter
1313 1770 1364 1830 se,
1384 1745 1453 1817 nisi
1480 1744 1541 1819 vel
1559 1773 1607 1820 ex
1623 1763 1756 1821 attrac-

294 1860 440 1935 tionum
466 1859 762 1934 acceleratricum
789 1859 1047 1957 inaequalitate,
1075 1860 1135 1935 vel
1162 1888 1209 1936 ex
1240 1860 1476 1936 inclinatione
1502 1860 1681 1936 linearum
1707 1865 1755 1936 ad

294 1977 467 2064 invicem,
498 1980 701 2051 secundum
734 2004 825 2074 quas
851 1980 1088 2053 attractiones
1116 1979 1218 2053 fiunt.
1275 1979 1377 2052 Pone
1403 2005 1494 2077 ergo
1519 1981 1757 2055 attractiones

294 2119 428 2169 omnes
459 2092 731 2168 acceleratrices
759 2095 795 2167 in
824 2121 957 2193 corpus
984 2096 1186 2169 maximum
1216 2121 1299 2170 esse
1326 2097 1421 2170 inter
1437 2122 1478 2169 se
1504 2098 1690 2193 reciproce
1715 2114 1757 2173 ut

293 2212 478 2309 quadrata
521 2212 797 2299 distantiarum;
842 2211 878 2284 81
918 2213 1092 2310 augendo
1135 2213 1298 2309 corporis
1341 2213 1491 2286 maximi
1531 2214 1754 2302 distantiam,

292 2328 416 2403 donec
450 2344 631 2401 rectarum
666 2328 713 2399 ab
748 2328 818 2402 hoc
848 2329 896 2402 ad
932 2329 1072 2427 reliqua
1106 2331 1297 2403 ductarum
1333 2329 1550 2402 differentiae
1586 2347 1754 2426 respectu

292 2471 423 2521 earum
454 2445 693 2544 longitudinis
725 2444 1042 2521 &inclinationes
1077 2447 1124 2519 ad
1153 2448 1310 2519 invicem
1342 2447 1503 2520 minores
1531 2447 1614 2533 sint,
1642 2473 1754 2544 quam

291 2562 394 2637 datae
420 2565 583 2660 quaevis;
610 2564 901 2659 perseverabunt
927 2581 1049 2637 motus
1076 2565 1234 2660 partium
1258 2565 1470 2660 systematis
1496 2565 1592 2638 inter
1608 2590 1649 2638 se
1675 2566 1755 2639 sine

292 2682 489 2771 erroribus,
522 2682 585 2777 qui
612 2707 685 2754 non
717 2682 791 2755 sint
821 2683 1013 2779 quibusvis
1044 2682 1140 2754 datis
1171 2681 1340 2754 minores.
1405 2681 1458 2754 Et
1493 2682 1678 2777 quoniam,
1705 2683 1755 2756 ob

293 2800 469 2898 exiguam
500 2800 659 2895 partium
688 2798 830 2872 illarum
856 2801 904 2873 ab
931 2800 1089 2873 invicem
1115 2798 1338 2884 distantiam,
1365 2811 1529 2894 systema
1560 2814 1679 2872 totum
1705 2799 1753 2872 ad

292 2917 446 2992 modum
473 2918 636 3013 corporis
655 2918 762 2989 unius
781 2917 995 3003 attrahitur;
1023 2915 1234 2989 movebitur
1251 2914 1348 2987 idem
1374 2914 1442 2987 hac
1468 2915 1687 2988 attractione
1705 2915 1753 2988 ad

292 3035 448 3110 modum
474 3035 637 3131 corporis
656 3035 785 3119 unius;
812 3034 881 3107 hoc
900 3049 965 3118 est,
986 3048 1112 3106 centro
1138 3057 1206 3105 suo
1229 3031 1423 3130 gravitatis
1449 3032 1634 3105 describet
1659 3032 1754 3105 circa

291 3176 427 3248 corpus
453 3153 656 3224 maximum
682 3152 884 3226 sectionem
911 3149 1073 3247 aliquam
1107 3150 1273 3223 conicam
1303 3149 1383 3247 (viz.
1413 3148 1656 3247 hyperbolam
1690 3147 1751 3223 vel

291 3267 507 3366 parabolam
527 3270 744 3343 attractione
762 3267 946 3366 languida,
961 3265 1105 3363 ellipsin
1123 3264 1287 3365 fortiore)
1309 3266 1345 3339 dr
1364 3268 1466 3341 radio
1483 3266 1531 3340 ad
1550 3268 1752 3340 maximum

290 3385 405 3460 ducto
430 3387 615 3460 describet
643 3412 747 3459 areas
774 3384 1001 3480 temporibus
1027 3383 1330 3480 proportionales,
1349 3384 1430 3457 sine
1447 3382 1529 3457 ullis
1556 3385 1752 3471 erroribus,

291 3505 363 3577 nisi
381 3529 474 3600 quas
493 3505 653 3600 partium
677 3504 873 3588 distantiae,
892 3503 1105 3599 perexiguae
1131 3527 1221 3575 sane
1240 3502 1361 3598 &pro
1386 3500 1503 3574 lubitu
1530 3500 1751 3588 minuendae,

290 3619 441 3695 valeant
458 3622 613 3696 efficere.
670 3623 714 3710 Q.
735 3623 783 3695 E.
807 3622 848 3695 0.

358 3738 477 3813 Simili
513 3755 732 3838 argumento
767 3762 924 3835 pergere
954 3735 1038 3809 licet
1074 3735 1121 3808 ad
1158 3761 1265 3808 casus
1302 3735 1420 3833 magis
1456 3733 1682 3830 compositos
1714 3733 1750 3805 in

290 3853 484 3930 infinitum.

362 3974 479 4048 Corol.
507 4000 534 4048 1.
568 3975 612 4047 In
640 3999 727 4046 casu
758 3970 934 4059 secund0,
961 3996 1037 4067 quo
1067 3971 1218 4067 propius
1249 3969 1391 4043 accedit
1421 3994 1555 4064 corpus
1585 3967 1752 4042 omnium

292 4090 495 4163 maximum
526 4090 574 4162 ad
604 4105 768 4186 systema
796 4089 954 4161 duorum
985 4085 1044 4160 vel
1080 4086 1248 4182 plurium,
1280 4112 1326 4160 eo
1357 4085 1475 4182 magis
1507 4084 1754 4156 turbabuntur

289 4220 414 4281 motus
439 4208 598 4304 partium
621 4208 833 4303 systematis
861 4207 957 4278 inter
974 4231 1034 4292 se;
1062 4219 1260 4300 propterea
1286 4201 1389 4298 quod
1417 4200 1597 4273 linearum
1624 4225 1646 4271 a
1673 4224 1750 4272 cor-

289 4350 382 4423 pore
400 4326 562 4400 maximo
580 4327 627 4399 ad
646 4326 713 4397 has
739 4324 934 4396 ductarum
954 4322 1033 4420 jam
1061 4321 1179 4419 major
1208 4336 1265 4393 est
1294 4316 1481 4392 inclinatio
1507 4316 1556 4388 ad
1582 4315 1751 4401 invicem,

290 4444 481 4541 majorque
502 4442 749 4540 proportionis
771 4437 1010 4536 inaequalitas.

362 4562 478 4635 Corol.
502 4586 531 4634 2.
563 4561 730 4633 Maxime
748 4575 873 4631 autem
900 4558 1153 4644 turbabuntur,
1180 4555 1355 4653 ponendo
1382 4552 1483 4650 quod
1514 4550 1752 4624 attractiones

288 4676 562 4751 acceleratrices
590 4677 750 4773 partium
776 4675 988 4772 systematis
1014 4700 1144 4748 versus
1172 4699 1305 4769 corpus
1343 4671 1511 4744 omnium
1549 4668 1752 4741 maximum

289 4821 366 4870 non
392 4796 466 4869 sint
492 4796 539 4870 ad
567 4796 727 4870 invicem
758 4793 943 4890 reciproce
974 4808 1015 4865 ut
1045 4792 1226 4888 quadrata
1259 4787 1517 4862 distantiarum
1547 4810 1570 4858 a
1599 4807 1753 4881 corpore

290 4910 353 4987 illo
379 4914 559 5004 maximo;
592 4912 798 5010 praesertim
829 4911 860 4983 si
893 4909 1139 5005 proportionis
1170 4907 1279 5005 hujus
1306 4901 1535 5001 inaequalitas
1563 4901 1679 4995 major
1703 4897 1752 4969 sit
