4110 5782
750 432 893 492 amau
917 432 1117 492 Tartarus
1581 455 1650 522 4²1

205 625 374 707 quartam
393 624 536 706 partem
555 608 661 683 lineae
681 611 789 683 unius
807 611 872 683 vix
897 625 1103 706 superante.
1160 610 1319 684 Proinde
1346 609 1554 683 differentia
1569 619 1659 686 'tota

203 726 443 825 longitudinis
472 725 715 823 pendulorum
744 754 829 824 quae
860 728 896 800 in
923 728 1080 801 diversis
1112 728 1323 825 regionibus
1354 725 1549 799 isochrona
1575 743 1661 801 sunt

202 845 352 919 diverso
365 843 473 918 calori
493 845 640 918 attribui
654 870 727 918 non
745 859 879 940 potest.
934 845 1012 918 Sed
1027 870 1148 940 neque
1161 843 1345 917 erroribus
1363 858 1659 917 astronomorum

202 987 223 1034 e
262 962 390 1034 Gallziz
421 962 616 1035 missorum
647 960 842 1034 tribuenda
876 977 934 1034 est
964 960 1044 1034 haec
1073 960 1288 1035 differentia.
1358 959 1459 1032 Nam
1488 961 1659 1056 quamvis

202 1103 330 1150 eorum
356 1078 635 1151 observationes
664 1102 738 1151 non
765 1076 926 1173 perfecte
944 1092 1151 1177 congruant
1178 1078 1274 1150 inter
1303 1101 1353 1160 se,
1372 1091 1497 1150 tamen
1515 1102 1658 1152 errores

201 1212 288 1268 sunt
305 1195 400 1269 adeo
418 1195 522 1290 parvi
549 1210 591 1268 ut
616 1195 801 1268 contemni
820 1196 972 1290 possint
1028 1195 1081 1268 Et
1107 1196 1143 1268 iu
1171 1196 1240 1268 hoc
1266 1195 1492 1268 concordant
1516 1220 1656 1283 omnes,

201 1313 302 1409 quod
322 1311 516 1385 isochrona
532 1311 695 1408 pendula
722 1326 809 1383 sunt
834 1312 1005 1385 breviora
1032 1312 1102 1384 sub
1129 1325 1318 1407 aequatore
1337 1335 1449 1406 quam
1477 1310 1513 1383 in
1531 1311 1655 1384 obser-

200 1430 343 1501 vatorio
362 1429 465 1525 regio
497 1427 701 1513 Parisiensi,
720 1427 903 1500 existente
930 1427 1138 1501 differentia
1156 1451 1229 1500 non
1249 1427 1390 1499 minore
1417 1451 1529 1522 quam
1547 1424 1655 1501 lineae

200 1547 307 1618 unius
326 1571 408 1617 cum
428 1545 642 1641 quadrante,
663 1569 736 1616 non
764 1545 902 1641 majore
928 1570 1041 1641 quam
1067 1542 1246 1618 linearum
1276 1543 1343 1622 ἡ..
1385 1543 1456 1617 Per
1480 1544 1654 1618 observa-

199 1660 320 1735 tiones
341 1663 388 1736 D.
409 1661 564 1734 Rz'clzcri
578 1661 614 1733 in
645 1661 813 1756 cayenna
839 1659 956 1733 factas
982 1659 1190 1733 differentia
1218 1660 1286 1733 fuit
1314 1659 1420 1733 lineae
1445 1662 1553 1734 unius
1571 1687 1654 1735 cum

199 1777 413 1873 quadrante.
471 1778 631 1850 Per'eas
663 1777 710 1850 D.
743 1777 818 1848 Des
845 1777 970 1872 Hayes
999 1776 1206 1850 differentia
1237 1775 1297 1848 illa
1327 1792 1491 1850 correcta
1518 1778 1655 1873 prodiit

197 1893 307 1968 liueae
334 1897 441 1968 unius
459 1920 543 1968 cum
561 1894 716 1966 semisse
734 1891 793 1967 vel
820 1893 928 1965 unius
946 1919 1030 1965 cum
1048 1893 1164 1966 tribus
1182 1893 1322 1988 quartis
1342 1894 1506 1987 partibus
1533 1894 1650 1969 lineae.

202 2011 272 2085 Per
289 2038 353 2085 eas
371 2013 524 2086 aliorum
552 2011 673 2083 minus
698 2025 886 2081 accuratas
914 2011 1051 2105 prodiit
1079 2010 1210 2083 eadem
1238 2010 1344 2104 quasi
1373 2009 1529 2083 duarum
1558 2010 1650 2085 line-

196 2154 310 2202 arum.
385 2129 437 2202 Et
471 2128 550 2201 haec
585 2126 832 2221 discrepantia
865 2127 1000 2222 partim
1039 2127 1087 2199 ab
1120 2125 1304 2198 erroribus
1339 2126 1649 2212 observationum,

196 2246 330 2340 partim
348 2272 370 2319 a
388 2243 685 2318 dissimilitudine
703 2243 862 2339 partium
881 2243 1106 2317 internarum
1133 2258 1240 2315 terrae
1267 2241 1304 2315 81
1330 2240 1523 2316 altitudine
1548 2269 1650 2317 uton-

195 2361 296 2446 tium,
317 2363 353 2435 &
372 2362 504 2457 partim
522 2387 544 2433 a
562 2360 718 2433 diversis
735 2359 830 2432 ae'ris
849 2357 1030 2433 caloribus
1048 2358 1131 2432 oriri
1152 2358 1280 2453 potuit.

247 2479 365 2576 Virga
383 2478 500 2550 ferrea
517 2477 633 2572 pedes
652 2491 725 2548 tres
744 2473 858 2573 longa
886 2490 1053 2571 tempore
1080 2474 1247 2571 hyberno
1272 2477 1308 2548 in
1326 2476 1476 2572 Anglia
1503 2478 1652 2551 brevior

194 2609 252 2666 est
277 2620 389 2690 quam
419 2610 585 2689 tempore
613 2593 753 2677 aestivo,
773 2608 878 2664 sexta
906 2607 1010 2688 parte
1038 2590 1143 2665 lineae
1172 2593 1289 2679 unius,
1309 2608 1488 2689 quantum
1517 2595 1646 2668 sentio.

195 2711 258 2784 Ob
275 2710 415 2785 calores
433 2712 502 2785 sub
520 2725 708 2807 aequatore
726 2709 912 2783 auferatur
937 2708 1017 2782 haec
1043 2709 1229 2806 quantitas
1251 2708 1299 2782 de
1317 2709 1523 2784 differentia
1541 2709 1648 2785 lineae

193 2830 302 2901 unius
320 2855 403 2902 cum
422 2829 628 2925 quadrante
645 2853 668 2899 a
685 2827 841 2899 Riclzero
858 2827 1064 2913 observata,
1084 2825 1121 2899 81
1145 2827 1309 2900 manebit
1334 2825 1430 2899 linea
1454 2826 1536 2906 11¹1:
1563 2853 1648 2924 quae

194 2974 277 3021 cum
312 2946 408 3021 linea
449 2947 548 3026 stiria
582 2972 649 3042 per
683 2944 863 3018 theoriam
895 2945 974 3042 jam
1009 2960 1095 3018 ante
1130 2943 1282 3019 collecta
1316 2945 1432 3040 probe
1468 2947 1645 3044 congruit

193 3066 371 3138 Riclrerus
388 3080 512 3137 autem
538 3062 817 3136 observationes
847 3061 882 3132 in
912 3060 1082 3156 Cayenna
1105 3059 1221 3133 factas
1249 3059 1403 3158 singulis
1431 3062 1646 3158 septimanis

192 3208 260 3279 per
276 3207 422 3256 menses
441 3180 570 3253 decem
590 3179 745 3264 iteravit,
765 3175 1068 3275 &longitudines
1094 3174 1246 3273 penduli
1274 3177 1309 3248 in
1336 3178 1442 3275 virga
1459 3177 1577 3250 ferrea
1596 3178 1646 3250 ibi

192 3315 337 3371 notatas
365 3324 447 3370 cum
476 3295 767 3394 longitudinibus
794 3295 873 3391 ejus
905 3294 941 3367 in
972 3295 1100 3368 Gallia
1126 3291 1292 3367 similiter
1319 3295 1454 3367 notatis
1480 3293 1643 3368 contulit.

193 3415 290 3508 Quae
307 3414 498 3512 diligentia
517 3414 553 3486 ἃ
571 3411 713 3486 cautela
732 3412 768 3484 in
786 3411 866 3484 aliis
885 3410 1185 3485 observatoribus
1211 3410 1373 3485 defuisse
1391 3411 1546 3485 videtur.
1602 3412 1643 3485 Si

192 3531 299 3627 hujus
326 3531 645 3604 observationibus
672 3529 862 3604 fidendum
893 3544 959 3614 est,
979 3543 1076 3601 terra
1101 3526 1208 3601 altior
1237 3529 1306 3601 erit
1336 3528 1384 3601 ad
1415 3544 1642 3624 aequatorem

191 3672 302 3741 quam
321 3645 368 3716 ad
395 3642 500 3740 polos
519 3671 671 3719 excessu
692 3644 897 3743 milliarium
924 3644 1176 3741 septendecim
1203 3645 1353 3730 circiter,
1372 3659 1413 3717 ut
1439 3670 1550 3740 supra
1577 3670 1643 3739 per

192 3761 370 3855 theoriam
390 3761 534 3854 prodiit.
