4088 5768
851 465 993 524 arnan
1012 466 1195 527 PRIMUS.
1677 453 1747 562 '95

297 660 371 733 riae.
426 659 569 732 Rursus
595 658 724 757 figurae
750 658 1007 755 quadrilaterae
1033 661 1072 732 B
1085 659 1226 747 GDF,
1245 662 1314 734 sub
1340 660 1421 735 aliis
1447 663 1639 759 quibusvis
1660 690 1749 762 qua-

297 793 381 851 tuor
414 777 651 875 tangentibus
686 791 880 862 contentae,
915 775 1131 875 diagonales
1171 777 1226 875 (ut
1261 777 1312 850 ita
1353 777 1489 878 dicam)
1527 781 1627 867 BD,
1670 782 1758 855 GF

295 896 420 969 biseca
449 896 485 967 in
513 895 552 967 P
577 893 614 968 81
643 895 701 984 Q.-
728 894 764 969 8e
790 909 890 968 recta
914 894 997 984 PQ
1024 919 1092 990 per
1116 910 1253 991 puncta
1275 896 1518 971 bisectionum
1544 913 1627 971 acta
1651 914 1750 972 tran·-

294 1013 383 1086 sibit
411 1037 480 1108 per
505 1027 672 1086 centrum
699 1010 927 1110 trajectoriae.
984 1011 1144 1084 Dabitur
1173 1037 1264 1110 ergo
1298 1030 1464 1088 centrum
1500 1015 1536 1088 in
1571 1041 1750 1090 concursu

294 1129 546 1205 bisecantium.
600 1128 660 1202 Sit
676 1126 765 1201 illud
786 1129 829 1203 0.
884 1127 1073 1226 Tangenti
1091 1128 1208 1203 cuivis
1224 1130 1264 1202 B
1276 1131 1311 1206 C
1323 1130 1535 1228 parallelam
1552 1159 1624 1232 age
1646 1135 1694 1206 K
1702 1134 1750 1222 L,

294 1247 344 1321 ad
374 1271 457 1320 eam
487 1246 700 1320 distantiam
731 1260 772 1320 ut
796 1260 963 1320 centrum
992 1247 1026 1320 0
1052 1246 1089 1319 in
1116 1247 1240 1321 medio
1263 1250 1359 1324 inter
1382 1248 1575 1347 parallelas
1600 1249 1749 1338 locetur,

294 3116 331 3190 81
349 3130 431 3188 acta
448 3114 495 3186 K
501 3114 537 3186 L
557 3126 686 3210 tanget
702 3107 948 3208 trajectoriam
966 3106 1257 3183 describendam.
1311 3109 1423 3185 Secet
1448 3112 1529 3190 haee
1552 3133 1748 3218 tangentes

292 3230 384 3305 alias
402 3230 553 3328 quasvis
571 3228 664 3301 duas
685 3229 721 3301 G
734 3228 768 3300 C
781 3227 831 3311 D,
849 3226 892 3297 F
895 3225 990 3298 DE
1005 3225 1042 3298 in
1059 3226 1095 3298 L
1117 3225 1153 3300 &
1170 3226 1222 3300 K.
1279 3227 1351 3301 Per
1368 3228 1497 3304 harum
1516 3239 1747 3334 tangentium

293 3373 369 3423 non
388 3344 643 3444 parallelarum
664 3345 747 3431 CL,
765 3342 854 3418 FK
867 3367 950 3415 cum
968 3339 1151 3438 parallelis
1172 3344 1251 3430 CF,
1264 3345 1314 3417 K
1313 3345 1349 3417 L
1373 3371 1571 3424 concursus
1593 3354 1628 3427 C
1640 3354 1677 3428 u
1693 3357 1746 3443 K,

290 3468 334 3540 F
346 3465 383 3540 81
399 3465 436 3538 L
455 3490 527 3562 age
547 3464 581 3537 C
586 3465 640 3550 K,
657 3464 700 3537 F
704 3462 740 3534 L
768 3476 1026 3536 concurrentes
1053 3462 1090 3534 in
1116 3463 1165 3549 R,
1185 3461 1221 3536 8r
1245 3477 1344 3535 recta
1372 3464 1456 3538 OR
1481 3465 1593 3541 ducta
1610 3469 1646 3543 u
1663 3497 1747 3568 pro-

291 3584 405 3658 ducta
434 3581 575 3657 secabit
603 3595 800 3680 tangentes
826 3576 1019 3675 parallelas
1048 3581 1083 3654 C
1091 3581 1136 3668 F,
1158 3582 1208 3654 K
1212 3581 1248 3653 L
1273 3578 1309 3651 in
1332 3581 1477 3675 punctis
1500 3601 1744 3665 contactuum.

291 3684 403 3776 Patet
432 3700 502 3774 hoc
532 3724 599 3796 per
628 3695 737 3772 corol.
768 3719 799 3769 2.
828 3693 911 3769 lem.
941 3718 1042 3772 xxrv.
1097 3695 1243 3771 Eadem
1270 3697 1448 3772 methodo
1473 3700 1639 3778 invenire
1664 3703 1749 3780 licet

288 3817 364 3893 alia
398 3832 633 3892 contactuum
667 3829 813 3912 puncta,
849 3812 886 3887 81
919 3827 999 3886 tum
1029 3812 1180 3887 demum
1211 3840 1278 3910 per
1307 3830 1501 3893 construet
1534 3822 1637 3916 prob.
1670 3846 1744 3900 xw.

289 3933 538 4033 trajectoriam
555 3931 772 4006 describere.
827 3928 873 4020 Q.
886 3930 935 4004 E.
950 3931 994 4005 F.
1330 3960 1333 3964 ·

924 4109 1118 4184 Scholz‘um.

362 4261 605 4350 Problemata,
637 4262 700 4335 ubi
730 4260 865 4334 dantur
890 4261 1181 4359 trajectoriarum
1206 4259 1268 4336 vel
1295 4278 1421 4337 centra
1445 4264 1508 4340 vel
1533 4275 1746 4366 asymptoti,

288 4379 530 4459 includuntur
558 4380 596 4453 in
626 4378 930 4475 praecedentibus.
999 4378 1100 4452 Nam
1130 4378 1227 4453 datis
1258 4381 1404 4475 punctis
1439 4382 1476 4456 82
1510 4390 1747 4484 tangentibus

288 4524 480 4574 unacum
510 4511 646 4583 centr0,
677 4496 814 4570 dantur
841 4493 914 4568 alia
943 4494 1099 4571 totidem
1133 4511 1271 4592 puncta
1303 4495 1461 4596 aliaeque
1495 4516 1691 4602 tangentes
1724 4533 1747 4582 a

287 4631 419 4692 centro
444 4640 492 4689 ex
514 4603 631 4688 alter'a
656 4613 736 4711 ejus
763 4627 867 4709 parte
893 4611 1088 4708 aequaliter
1109 4612 1298 4688 distantes.
1354 4615 1602 4714 Asymptotos
1622 4640 1747 4699 autem

287 4759 359 4832 pro
389 4747 566 4831 tangente
596 4729 768 4804 habenda
797 4744 864 4816 est,
889 4729 926 4803 u
955 4729 1036 4828 ejus
1066 4729 1244 4803 terminus
1275 4732 1416 4836 infinite
1446 4735 1588 4812 distans
1620 4739 1667 4840 (si
1696 4744 1748 4819 ita

287 4851 393 4948 loqui
411 4848 542 4948 fassit)
562 4874 631 4946 pro
648 4862 786 4944 puncto
807 4861 1007 4923 contactus.
1063 4848 1228 4945 Concipe
1245 4852 1432 4950 tangentis
1453 4857 1615 4954 cujusvis
1632 4885 1745 4956 punc·
