1583 1669
429 317 441 334 4
443 317 465 334 32
662 311 696 325 DE
705 310 787 326 umwl
796 311 933 326 ,ςκςηῑιιαπῑ

457 356 506 374 Haec
514 356 577 374 omnia
586 355 612 374 ita
621 361 642 374 se
650 355 725 377 habent,
734 361 757 374 ex
767 355 866 379 hypothesi
875 355 925 379 quod
935 355 962 373 sol
972 355 990 373 ἃ
999 359 1048 374 ten-a
1056 356 1162 380 quiescunt.

425 385 497 403 &luna
507 389 592 409 tempore
601 384 691 409 synodico
700 384 772 403 dierum
782 390 806 408 27
815 384 854 403 hor.
866 390 876 408 7
886 385 929 404 min.
935 391 959 408 43
969 384 1076 403 revolvitur.
1111 386 1162 404 Cum

422 418 485 433 autem
499 414 587 438 periodus
600 413 690 438 synodica
702 413 771 431 lunaris
785 420 829 432 vere
844 414 869 431 sit
882 414 954 432 dierum
964 420 987 437 29
997 414 1035 432 hor.
1049 420 1069 432 12
1082 414 1101 433 &
1114 416 1160 434 min.

423 449 453 466 44,
472 443 536 468 augeri
551 443 622 461 debent
639 446 776 461 momentorum
795 442 909 461 incrementa
931 443 949 461 in
971 443 1042 461 ratione
1062 444 1160 468 temporis,

423 472 441 491 id
457 476 491 495 est,
506 472 524 490 in
542 472 614 491 ratione
633 472 718 495 1080853
733 472 758 490 ad
776 478 866 493 loooooo.
901 471 945 490 Hoc
956 476 1011 496 pacto
1024 472 1161 492 incrementum

423 505 488 523 toturn,
502 502 554 526 quod
568 505 609 520 emt
623 508 667 525 pars
681 501 732 521 ιῖ-’ὲῗ-,τ
742 501 830 519 momenti
848 501 951 523 mediocris,
966 502 1006 526 jam
1024 501 1056 520 fiet
1073 502 1160 526 ejusdem

426 538 469 556 pais
477 532 532 552 ri-H'z.
565 532 649 556 Ideoque
662 535 777 550 momentum
790 537 839 549 areae
855 531 873 549 in
887 531 1000 555 quadratura
1012 531 1063 550 lunae
1082 533 1118 551 erit
1134 533 1160 552 ad

426 561 466 585 ejus
475 565 590 580 momentum
604 561 622 579 in
636 561 714 585 syzygia
724 565 745 579 ut
762 566 873 584 11023—50
886 561 910 579 ad
928 565 1042 584 11023÷5o,
1052 567 1085 580 seu
1098 568 1159 586 '0973

425 590 450 608 ad
475 595 544 613 110733
560 590 578 608 8:
591 590 615 608 ad
637 590 677 614 ejus
699 593 820 611 momentum,
836 590 867 608 ubi
884 589 928 608 luna
946 590 964 608 in
979 590 1016 609 alio
1031 590 1099 615 quo'vis
1117 591 1160 611 loco

426 618 536 637 intermedio
548 619 568 637 P
580 622 669 640 versatur,
683 622 703 637 ut
719 624 778 642 ¹0973
791 618 816 637 ad
832 619 959 642 10973÷Pd,
968 619 1061 638 existente
1069 620 1159 639 videlicet

429 648 470 666 ΤΡ
478 647 545 672 atquali
557 653 596 666 100.

452 678 503 697 Area
518 678 579 703 igitur,
593 684 649 702 quam
662 677 706 696 luna
721 677 773 696 radio
788 678 812 696 ad
826 682 893 696 ten-am
907 678 963 696 ducto
976 677 1053 702 singulis
1067 679 1158 703 temporis

425 707 519 731 particulis
534 707 637 732 aequalibus
652 707 745 728 describit,
759 711 789 725 est
802 713 858 731 quam
868 707 952 731 proxime
965 711 985 725 ut
997 713 1071 725 summa
1084 709 1158 727 numeri

426 738 493 760 ²¹9146
502 736 520 755 δι
529 737 580 755 sinus
589 736 638 755 versi
647 736 746 760 duplicatae
755 736 849 755 distantiae
856 736 905 754 Iunae
914 742 925 754 a
938 736 1051 760 quadratum
1063 737 1156 760 proxima,

425 766 443 784 in
456 765 524 784 circulo
537 766 589 790 cujus
602 766 664 784 radius
673 770 702 784 est
711 765 776 784 unitas,
805 765 853 784 Haec
863 766 888 783 ita
894 772 915 783 se
924 765 993 783 habent
1007 765 1038 784 ubi
1048 766 1128 785 variatio
1138 767 1155 785 in

424 795 528 814 octantibus
542 799 571 814 est
583 795 717 819 magnitudinis
730 795 832 813 mediocris.
859 795 892 813 Sin
902 794 980 813 variatio
989 795 1014 813 ibi
1023 795 1083 819 major
1092 796 1116 814 sit
1125 796 1155 815 vei

425 825 489 846 minor,
498 824 562 849 augeri
571 824 628 843 debet
636 823 666 843 vel
676 824 733 842 minui
742 824 794 842 sinus
803 823 833 842 ille
842 830 907 842 versus
916 823 935 842 in
944 823 1011 842 eadem
1020 824 1098 843 ratione.

492 910 679 929 PROPOSITIO
702 910 802 929 XXVII.
831 910 999 929 PROBLEMA
1023 911 1090 930 VIII.

500 956 534 974 Ex
542 958 591 974 motu
599 955 676 974 horario
684 956 735 974 luna·
742 956 824 974 invenire
832 955 890 980 {fissus
897 955 1005 974 distantiam
1014 962 1026 974 a
1035 959 1093 975 terra.

448 1009 504 1030 Area,
514 1015 570 1033 quarn
579 1008 623 1027 luna.
632 1009 684 1028 mdio
696 1009 720 1028 ad
728 1013 796 1028 terram
805 1009 861 1027 ducto
867 1009 945 1034 singulis
954 1010 1044 1034 temporis
1054 1012 1153 1030 momentis

422 1038 513 1060 describit,
528 1042 557 1056 est
570 1042 591 1056 ut
607 1043 669 1057 motus
682 1039 765 1057 horarius
778 1038 827 1057 Iunae
841 1038 859 1057 &
872 1039 983 1063 quadratum
996 1039 1091 1059 distantiae
1105 1040 1153 1059 lunae

422 1074 433 1086 a
446 1072 495 1086 terra
509 1068 633 1093 conjunctim;
647 1069 665 1087 81
674 1073 772 1093 propterea
781 1068 874 1087 distantia*
880 1068 928 1087 lunae
937 1075 948 1087 a
958 1073 1006 1087 term
1015 1073 1044 1088 est
1054 1069 1072 1088 in
1083 1071 1152 1089 ratione

421 1098 525 1122 composita
531 1104 555 1116 ex
563 1097 693 1122 subduplicata
702 1098 772 1116 ratione
781 1104 830 1116 areae
838 1098 908 1116 directe
915 1098 933 1116 δι
942 1098 1073 1123 subduplieatz
1080 1100 1150 1119 ratione

421 1131 482 1145 motus
491 1127 558 1145 horarii
568 1127 646 1145 inverse.
674 1127 696 1149 Q.
704 1127 728 1145 E.
735 1127 752 1145 I.

448 1157 506 1176 Corol.
524 1163 538 1175 1.
555 1157 606 1175 Hine
618 1157 673 1175 datur
690 1156 738 1175 lunae
752 1156 843 1175 diameter
857 1163 949 1181 apparens
958 1164 962 1176 :
982 1157 1053 1182 quippe
1068 1165 1112 1183 quat
1129 1159 1151 1177 sit

422 1187 515 1212 reciproce
528 1191 549 1206 ut
558 1187 616 1211 ipsius
629 1186 717 1205 distantia
726 1193 737 1205 a
746 1190 799 1205 ten-a.
827 1186 909 1205 Tentent
918 1187 1020 1206 astronomi
1030 1193 1088 1212 quarn
1096 1188 1151 1213 probe

420 1217 460 1236 haec
467 1217 531 1242 regula
539 1223 581 1235 cum
591 1216 718 1241 phaenomenis
727 1220 821 1240 congruat

448 1247 507 1265 Corol.
519 1252 534 1265 2,
550 1246 601 1264 Hinc
609 1246 666 1264 etiam
675 1245 725 1264 orbis
734 1245 803 1263 Iunaris
811 1245 914 1264 accuratius
923 1252 946 1264 ex
956 1246 1087 1270 phaenomenis
1096 1253 1148 1271 quam

421 1276 499 1294 antehac
507 1275 580 1294 definiri
589 1278 656 1299 potest.
