4088 5768
499 429 522 496 4
527 427 569 498 52
952 410 1018 466 DE
1039 408 1206 467 Meum
1221 406 1493 466 stamme

568 602 842 677 “Describatur
871 605 970 677 enim
1000 600 1155 676 circulus
1185 602 1235 673 N
1244 602 1292 672 K
1300 600 1395 672 nM
1421 615 1548 672 centro
1585 599 1624 670 T
1647 598 1685 671 81
1720 605 1850 680 radio
1894 613 2008 702 TK,

500 719 742 815 “eodemque
770 737 896 794 centro
928 720 963 792 ἃ
993 719 1218 793 semiaxibus
1252 717 1348 791 ΤΗ
1369 716 1405 789 &
1437 718 1475 788 Τ
1482 717 1533 788 Ν
1564 716 1816 795 describatur
1846 726 2009 826 ellipsis

501 842 522 874 “
535 837 586 907 N
596 836 648 907 Η
655 863 681 907 n
694 837 743 924 L,
764 836 799 908 ἃ
826 838 862 908 in
890 852 1056 932 tempore
1075 861 1150 933 quo
1168 834 1221 908 sol
1248 861 1271 906 a
1289 835 1388 906 nodo
1407 834 1545 906 recedit
1569 860 1636 929 per
1662 862 1806 912 arcum
1839 847 1904 918 N
1914 876 1953 936 a,
1974 851 2008 923 si

502 953 690 1025 “ducatur
707 969 807 1025 recta
837 954 875 1025 T
882 955 944 1039 ba,
964 980 1050 1026 area
1067 954 1219 1026 sectoris
1237 952 1288 1023 N
1304 952 1342 1023 Τ
1348 978 1372 1022 a
1398 967 1561 1047 exponet
1586 977 1784 1029 summam
1806 981 2006 1039 motuum

501 1070 620 1142 “nodi
639 1069 675 1142 81
693 1068 780 1142 solis
799 1071 835 1142 in
854 1072 987 1144 eodem
1006 1086 1182 1166 tempore.
1228 1069 1287 1142 Sit
1305 1069 1417 1166 igitur
1433 1095 1538 1141 arcus
1556 1070 1634 1141 αΑ
1655 1096 1783 1166 quam
1799 1081 2006 1158 minimus

502 1195 647 1281 “quem
675 1202 774 1258 recta
807 1188 846 1258 T
852 1188 905 1259 ba
932 1187 1086 1283 praelata
1106 1186 1189 1284 lege
1207 1184 1404 1258 revolvens
1423 1185 1459 1256 in
1478 1186 1566 1258 data
1583 1191 1773 1282 temporis
1796 1201 2005 1290 particula

501 1301 767 1374 “uniformiter
784 1302 967 1389 describit,
987 1303 1023 1376 81
1049 1318 1170 1377 sector
1186 1327 1299 1399 quam
1317 1303 1489 1374 minimus
1515 1304 1552 1375 Τ
1546 1303 1586 1374 Α
1603 1329 1626 1374 a
1655 1306 1728 1377 erit
1752 1326 1803 1382 ut
1832 1339 2003 1392 summa

503 1426 523 1457 “
537 1418 774 1492 velocitatum
793 1446 867 1517 qua
884 1421 939 1493 sol
958 1421 994 1493 ἃ
1013 1422 1132 1493 nodus
1154 1436 1232 1492 tum
1254 1420 1431 1514 temporis
1455 1420 1608 1493 seorsim
1626 1419 1820 1500 seruntur.
1886 1434 2000 1508 Solis

504 1545 661 1608 “autem
687 1535 863 1611 velocitas
889 1537 965 1610 sere
992 1538 1184 1611 uniformis
1210 1552 1275 1623 est,
1303 1552 1433 1632 utpote
1459 1538 1561 1635 cujus
1588 1562 1707 1633 parva
1732 1541 2001 1644 inaequalitas

504 3648 601 3721 “vix
636 3646 747 3722 ullam
779 3647 919 3721 inducit
953 3647 989 3719 in
1025 3647 1149 3719 medio
1185 3645 1366 3719 nodorum
1401 3661 1504 3718 motu
1539 3644 1770 3722 varietatem
1832 3650 1975 3730 Altera

503 3777 622 3864 “pars
657 3768 766 3865 hujus
801 3792 965 3851 summae,
994 3790 1128 3860 nempe
1158 3763 1334 3837 velocitas
1370 3763 1457 3836 nodi
1484 3764 1520 3836 in
1547 3763 1723 3836 mediocri
1750 3791 1821 3840 sua
1850 3797 1972 3867 quan-

454 3930 457 3937 ·
503 3885 652 3971 “titate,
685 3900 842 3983 augetur
876 3885 912 3955 in
957 3908 1103 3955 recessu
1138 3907 1160 3952 a
1195 3881 1356 3978 syzygiis
1388 3881 1423 3952 in
1455 3879 1643 3977 duplicata
1678 3881 1826 3956 ratione
1862 3888 1972 3962 sinus

503 4004 722 4077 “distantiae
750 4005 830 4100 ejus
860 4029 883 4074 a
917 4000 995 4073 sole
1033 4026 1100 4097 per
1135 3998 1256 4072 Corol.
1292 3999 1399 4095 Prop.
1439 4023 1481 4091 31
1524 3999 1604 4072 Lib.
1644 3995 1692 4091 3¹ii
1730 3998 1893 4100 Princip.
1934 4007 1972 4080 81

503 4126 621 4193 “cum
653 4121 814 4193 maxima
841 4134 898 4192 est
924 4119 960 4190 in
988 4116 1220 4212 quadraturis
1247 4115 1294 4187 ad
1318 4113 1434 4188 solem
1462 4116 1498 4187 in
1522 4116 1575 4202 K,
1594 4115 1753 4188 eandem
1779 4120 1971 4196 rationem

504 4238 681 4311 “obtinet
707 4238 755 4310 ad
782 4235 870 4309 solis
900 4233 1134 4308 velocitatem
1161 4257 1203 4304 ac
1230 4257 1275 4304 ea
1305 4257 1416 4326 quam
1448 4231 1560 4305 habet
1590 4233 1625 4305 S
1633 4232 1682 4304 K
1703 4232 1753 4304 ad
1789 4234 1829 4307 Τ
1836 4238 1873 4308 S
1897 4239 1971 4312 hoc

501 4360 593 4426 “est
619 4370 660 4427 ut
690 4353 912 4451 (differentia
935 4353 1198 4447 quadratorum
1225 4376 1271 4423 ex
1303 4350 1395 4422 ΤΚ
1415 4349 1451 4422 &
1481 4350 1578 4423 ΤΗ
1601 4347 1677 4447 vel)
1704 4354 1970 4450 rectangulum

504 4470 587 4540 “K
596 4470 648 4541 H
655 4471 711 4541 M
730 4471 779 4542 ad
813 4470 851 4541 T
857 4469 909 4541 H
930 4468 1160 4564 quadratum.
1216 4467 1293 4540 Sed
1321 4465 1458 4563 ellipsis
1488 4467 1539 4538 N
1546 4467 1649 4540 BH
1673 4466 1813 4541 dividit
1843 4489 1967 4546 secto-

437 4657 440 4663 ,
505 4594 616 4655 “rem
650 4586 691 4656 A
714 4588 752 4658 Τ
757 4613 782 4658 a
816 4611 971 4659 summae
1006 4586 1137 4657 harum
1172 4584 1327 4657 duarum
1362 4583 1600 4657 velocitatum
1635 4602 1893 4679 exponentem
1931 4590 1970 4662 in

505 4700 631 4773 “duas
666 4719 790 4798 partes
823 4705 864 4776 Α
881 4704 989 4775 Bba
1025 4702 1061 4775 &
1095 4703 1134 4774 B
1154 4703 1218 4774 Tb
1254 4702 1341 4797 ipsis
1369 4700 1627 4775 velocitatibus
1650 4704 1968 4798 proportionales

505 4826 524 4855 “
542 4816 771 4892 Producatur
801 4820 901 4893 enim
928 4820 967 4892 B
987 4820 1026 4892 Τ
1043 4819 1091 4892 ad
1120 4817 1295 4895 circulum
1326 4820 1361 4893 in
1388 4821 1424 4906 β,
1444 4817 1481 4892 8ι
1510 4845 1534 4893 a
1558 4832 1697 4916 puncto
1722 4819 1764 4892 B
1787 4819 1970 4898 demitta-
