4110 5782
719 411 861 472 tmen
885 411 1085 472 sanutus
1338 507 1342 517 1
1458 405 1459 408 ‘
1559 439 1633 508 409

174 613 228 690 sol
265 613 302 685 u
328 608 486 708 planetae
517 632 647 682 omnes
677 607 864 706 gravitent
890 607 927 680 in
963 632 1004 680 se
1034 621 1172 692 mutuo,
1201 606 1237 680 81
1263 624 1470 705 propterea,
1499 639 1566 708 pro
1595 615 1633 688 vi

174 728 367 830 gravitatis
386 752 474 816 suae,
493 724 697 799 secundum
715 724 818 823 leges
836 739 959 797 motus
977 739 1158 820 perpetuo
1176 725 1379 822 agitentur:
1399 731 1633 825 perspicuum

175 849 352 948 estquod
371 848 502 921 homm
529 862 655 919 centra
682 844 832 918 mobilia
858 869 926 940 pro
954 843 1082 915 mundi
1112 858 1238 916 centro
1265 844 1478 939 quiescente
1507 847 1634 921 haberi

176 980 375 1066 nequeunt.
430 965 472 1038 Si
498 949 631 1059 cbrpus
651 961 739 1035 illud
759 962 795 1034 in
814 976 939 1034 centro
957 959 1154 1032 locandum
1172 976 1271 1033 esset
1289 962 1325 1034 in
1353 964 1453 1058 quod
1480 990 1635 1061 corpora

175 1086 300 1161 omnia
334 1082 495 1155 maxime
528 1080 717 1177 gravitant
753 1079 820 1176 (uti
855 1076 956 1175 vulgi
992 1091 1050 1150 est
1084 1076 1224 1176 opinio)
1266 1078 1499 1177 privilegium
1536 1082 1633 1155 istud

67 1233 69 1237 ’
176 1199 455 1277 concedendum
480 1213 580 1272 esset
607 1196 685 1270 soli.
740 1196 836 1270 Cum
865 1211 989 1267 autem
1017 1192 1072 1267 sol
1101 1211 1305 1285 moveatur,
1325 1195 1537 1294 eligendum
1565 1200 1635 1272 erit

177 1334 355 1416 punctum
384 1316 589 1412 quiescens
608 1340 631 1386 a
658 1339 734 1409 quo
762 1328 928 1386 centrum
957 1310 1044 1384 solis
1062 1336 1175 1407 quam
1204 1313 1354 1386 minime
1372 1314 1539 1406 discedit,
1560 1318 1596 1390 &
1613 1343 1636 1390 a

177 1461 253 1532 quo
271 1435 371 1508 idem
390 1433 510 1505 adhuc
528 1432 650 1504 minus
667 1429 884 1516 discederet,
903 1429 934 1502 si
953 1426 1066 1501 modo
1089 1427 1143 1501 sol
1170 1428 1320 1503 densior
1337 1447 1436 1505 esset
1454 1432 1491 1506 81
1508 1434 1634 1530 major,

177 1568 220 1626 ut
238 1547 359 1625 minus
377 1565 598 1624 moveretur.

324 1803 695 1899 PROPOSITIO
742 1822 878 1895 XIII.
951 1820 1308 1897 THEOREMA
1356 1826 1490 1903 XIII.

180 2010 348 2081 Plumlce
363 2015 554 2080 moueulur
579 2006 620 2079 in
645 2004 829 2100 ellipsibus
856 2002 1068 2075 umbilicum
1094 2003 1305 2080 habentibus
1332 2007 1372 2079 in
1399 2017 1518 2082 cmlro
1539 2012 1634 2100 solii,

232 2145 281 2222 ξφ
314 2142 433 2215 radiis
466 2141 519 2214 ad
547 2148 713 2213 centrum
755 2137 858 2212 illud
893 2136 1012 2210 dicebis
1044 2162 1150 2211 areas
1182 2138 1389 2214 describunt
1420 2144 1638 2239 imparibus

222 2276 525 2374 proportmnules.

252 2472 536 2570 Disputavimus
563 2496 674 2566 supra
704 2470 753 2543 de
779 2470 837 2542 his
863 2468 1024 2542 motibus
1050 2494 1097 2542 ex
1124 2469 1388 2565 phaenomenis.
1439 2472 1525 2567 Jam
1551 2462 1637 2572 cog-

183 2592 269 2665 nitis
295 2605 462 2664 motuum
490 2589 687 2684 principiis
715 2612 762 2660 ex
789 2586 846 2658 his
876 2584 1082 2683 colligimus
1112 2603 1235 2661 motus
1265 2587 1433 2663 coelestes
1462 2616 1485 2663 a
1515 2593 1636 2688 priori.

184 2708 372 2801 Quoniam
399 2706 565 2802 pondera
591 2704 821 2801 planetamm
849 2703 885 2775 in
916 2701 1033 2775 solem
1061 2719 1148 2776 sunt
1177 2704 1361 2800 reciproce
1389 2720 1431 2779 ut
1460 2709 1642 2804 quadrata

184 2825 441 2898 distantiarum
459 2850 482 2895 a
500 2838 626 2896 centro
644 2820 753 2907 solis;
779 2821 810 2893 si
839 2818 893 2892 sol
922 2819 1193 2914 quiesceret&
1221 2818 1380 2918 planeta:
1408 2821 1538 2920 reliqui
1566 2850 1640 2899 non

184 2958 338 3039 agerent
366 2942 462 3014 inse
488 2956 626 3025 mutuo,
646 2940 767 3012 sorent
792 2938 901 3011 orbes
929 2961 1057 3008 eorum
1084 2935 1241 3033 elliptici‚
1261 2935 1377 3011 solem
1404 2940 1442 3012 in
1468 2942 1642 3016 umbilico

184 3059 369 3131 communi
388 3058 578 3142 habentes,
599 3056 635 3128 81
660 3081 757 3129 areae
784 3053 1079 3128 describerentur
1103 3054 1332 3152 temporibus
1350 3060 1642 3154 proportionales

187 3173 269 3270 (per
302 3200 405 3270 prop.
443 3197 456 3245 1
493 3173 528 3245 81
563 3196 604 3245 xr
640 3172 676 3244 81
710 3170 818 3245 corol.
856 3194 869 3242 1
909 3196 1013 3266 prop.
1048 3194 1118 3242 xm
1152 3169 1212 3245 lib.
1251 3171 1284 3271 1)
1317 3174 1481 3249 actiones
1515 3193 1641 3250 autem

184 3289 416 3386 planetamm
452 3290 488 3361 in
524 3313 565 3361 se
594 3304 724 3361 mutuo
752 3286 964 3383 perexiguae
992 3301 1080 3359 sunt
1115 3286 1171 3383 (ut
1200 3289 1345 3383 possint
1371 3294 1572 3391 contemni)
1606 3293 1642 3365 &

185 3427 308 3483 motus
327 3407 557 3504 planetamm
577 3406 612 3479 in
632 3404 821 3500 ellipsibus
839 3405 934 3477 circa
951 3403 1067 3476 solem
1087 3406 1260 3480 mobilem
1279 3409 1400 3482 minus
1426 3412 1644 3505 perturbant
1741 3483 1744 3489 ,

188 3527 270 3624 (per
295 3551 397 3622 prop.
420 3548 508 3596 LxV1
534 3523 594 3597 lib.
621 3521 653 3621 1)
683 3547 796 3619 quam
823 3522 854 3595 si
883 3538 1005 3595 motus
1037 3523 1096 3595 isti
1127 3523 1221 3596 circa
1246 3524 1363 3597 solem
1391 3527 1643 3621 quiescentem

186 3658 460 3742 peragerentur.

255 3759 368 3832 Actio
395 3759 546 3855 quidem
572 3757 672 3856 jovis
703 3757 739 3829 in
770 3771 962 3829 saturnum
993 3780 1067 3829 non
1094 3772 1152 3829 est
1181 3758 1332 3830 omnino
1362 3761 1642 3838 contemnenda.

190 3876 290 3948 Nam
308 3874 473 3972 gravitas
491 3874 528 3946 in
540 3875 669 3971 jovem
688 3888 745 3946 est
762 3872 810 3945 ad
828 3873 1050 3969 gravitatem
1070 3872 1105 3943 in
1124 3871 1240 3945 solem
1262 3873 1425 3971 (paribus
1442 3877 1641 3976 distantiis)

187 4008 228 4065 ut
265 4017 278 4064 1
314 3992 361 4063 ad
399 3997 507 4084 1067;
544 3991 702 4085 ideoque
733 3989 770 4061 in
805 3987 1063 4085 conjunctione
1091 3989 1191 4085 jovis
1222 3987 1259 4061 &
1288 3991 1439 4081 saturni,
1469 3995 1644 4087 quoniam

187 4108 362 4181 distantia
379 4107 518 4179 saturni
537 4132 560 4178 a
571 4108 661 4203 jove
680 4122 737 4179 est
753 4105 802 4177 ad
820 4105 1033 4177 distantiam
1051 4105 1190 4177 saturni
1208 4130 1231 4177 a
1248 4105 1326 4179 sole
1343 4107 1420 4180 sere
1437 4125 1479 4182 ut
1496 4134 1520 4201 4
1537 4111 1585 4184 ad
1611 4136 1643 4203 9,

188 4226 257 4298 erit
273 4224 437 4322 gravitas
456 4223 595 4295 saturni
615 4223 650 4295 in
670 4224 799 4319 jovem
817 4221 864 4293 ad
883 4220 1105 4317 gravitatem
1123 4222 1262 4294 saturni
1282 4222 1318 4295 in
1335 4222 1451 4297 solem
1471 4242 1512 4298 ut
1531 4229 1573 4298 81
1595 4229 1644 4300 ad

194 4347 237 4412 16
269 4364 293 4412 x
329 4346 422 4432 1067
442 4363 544 4412 seur
578 4338 625 4411 ad
658 4363 723 4409 211
757 4337 908 4410 circiter.
965 4336 1018 4409 Et
1045 4336 1130 4409 hinc
1159 4338 1275 4410 oritur
1301 4342 1528 4435 perturbatio
1546 4344 1645 4416 orbis

189 4455 329 4530 saturni
366 4456 401 4527 in
437 4453 591 4552 singulis
626 4452 785 4550 planetae
821 4453 929 4551 hujus
964 4479 1048 4525 cum
1077 4454 1168 4551 jove
1202 4456 1518 4552 conjunctionibus
1550 4459 1646 4534 adeo

189 4572 372 4646 sensibilis
390 4587 431 4644 ut
448 4571 496 4644 ad
514 4571 672 4644 eandem
687 4571 888 4644 astronomi
907 4569 1081 4644 haereant
1139 4572 1211 4644 Pro
1224 4573 1327 4646 vario
1345 4574 1416 4647 situ
1431 4574 1590 4671 planetae
1609 4576 1645 4649 in

188 4690 247 4762 his
266 4687 595 4785 conjunctionibus
615 4688 866 4761 eccentricitas
886 4688 965 4784 ejus
992 4712 1089 4760 nunc
1114 4705 1272 4787 augetur
1298 4714 1394 4764 nunc
1420 4693 1644 4780 diminuitur,

189 4808 375 4905 aphelium
405 4833 501 4882 nunc
531 4824 772 4904 promovetur
799 4832 897 4879 nunc
927 4806 1021 4880 sorte
1052 4807 1256 4894 retrahitur,
1284 4808 1321 4882 &
1351 4810 1495 4885 medius
1522 4828 1645 4887 motus
