<?xml version="1.0" encoding="UTF-8"?>
<!DOCTYPE html PUBLIC "-//W3C//DTD XHTML 1.0 Transitional//EN"
    "http://www.w3.org/TR/xhtml1/DTD/xhtml1-transitional.dtd">
<html xmlns="http://www.w3.org/1999/xhtml" xml:lang="en" lang="en">
 <head>
  <title>
</title>
<meta http-equiv="Content-Type" content="text/html;charset=utf-8" />
  <meta name='ocr-system' content='tesseract 3.04.00' />
  <meta name='ocr-capabilities' content='ocr_page ocr_carea ocr_par ocr_line ocrx_word'/>
</head>
<body>
  <div class='ocr_page' id='page_1' title='image "./sirisaacnewtons01newtgoog_0513.png"; bbox 0 0 4088 5768; ppageno 0'>
   <div class='ocr_carea' id='block_1_1' title="bbox 457 460 1452 551">
    <p class='ocr_par' dir='ltr' id='par_1_1' title="bbox 457 460 1452 551">
     <span class='ocr_line' id='line_1_1' title="bbox 457 460 1452 551; baseline -0.014 -20"><span class='ocrx_word' id='word_1_1' title='bbox 457 480 527 551; x_wconf 78' lang='lat'><strong>472</strong></span> <span class='ocrx_word' id='word_1_2' title='bbox 911 461 978 517; x_wconf 81' lang='lat' dir='ltr'><strong>DE</strong></span> <span class='ocrx_word' id='word_1_3' title='bbox 998 462 1164 520; x_wconf 86' lang='lat' dir='ltr'><em>MUNDJ</em></span> <span class='ocrx_word' id='word_1_4' title='bbox 1180 460 1452 521; x_wconf 80' lang='lat' dir='ltr'><em>SYSTEMATE</em></span> 
     </span>
    </p>
   </div>
   <div class='ocr_carea' id='block_1_2' title="bbox 457 636 1960 1563">
    <p class='ocr_par' dir='ltr' id='par_1_2' title="bbox 457 636 1960 1563">
     <span class='ocr_line' id='line_1_2' title="bbox 526 636 1953 717; baseline 0.002 -7"><span class='ocrx_word' id='word_1_5' title='bbox 526 636 627 711; x_wconf 89' lang='lat' dir='ltr'><strong>Nam</strong></span> <span class='ocrx_word' id='word_1_6' title='bbox 655 652 782 711; x_wconf 89' lang='lat' dir='ltr'><strong>centro</strong></span> <span class='ocrx_word' id='word_1_7' title='bbox 806 638 854 710; x_wconf 91' lang='lat' dir='ltr'><em>K</em></span> <span class='ocrx_word' id='word_1_8' title='bbox 878 638 1060 712; x_wconf 90' lang='lat' dir='ltr'><strong>diametro</strong></span> <span class='ocrx_word' id='word_1_9' title='bbox 1084 640 1158 713; x_wconf 89' lang='lat' dir='ltr'><strong>IL</strong></span> <span class='ocrx_word' id='word_1_10' title='bbox 1178 639 1407 715; x_wconf 84' lang='lat' dir='ltr'><strong>describatur</strong></span> <span class='ocrx_word' id='word_1_11' title='bbox 1432 638 1723 716; x_wconf 87' lang='lat' dir='ltr'>semicirculus</span> <span class='ocrx_word' id='word_1_12' title='bbox 1750 642 1852 717; x_wconf 92' lang='lat' dir='ltr'><strong>IN</strong></span> <span class='ocrx_word' id='word_1_13' title='bbox 1860 642 1896 716; x_wconf 90' lang='lat' dir='ltr'><em>L</em></span> <span class='ocrx_word' id='word_1_14' title='bbox 1909 638 1953 713; x_wconf 90' lang='lat' dir='ltr'><strong>K.</strong></span> 
     </span>
     <span class='ocr_line' id='line_1_3' title="bbox 460 753 1956 855; baseline 0.003 -25"><span class='ocrx_word' id='word_1_15' title='bbox 460 754 589 830; x_wconf 88' lang='lat' dir='ltr'><strong>Dividi</strong></span> <span class='ocrx_word' id='word_1_16' title='bbox 624 753 848 854; x_wconf 83' lang='lat' dir='ltr'>intelligatur</span> <span class='ocrx_word' id='word_1_17' title='bbox 880 758 1267 833; x_wconf 84' lang='lat' dir='ltr'><strong>semicircumierentia</strong></span> <span class='ocrx_word' id='word_1_18' title='bbox 1300 758 1392 831; x_wconf 93' lang='lat' dir='ltr'><strong>IN</strong></span> <span class='ocrx_word' id='word_1_19' title='bbox 1404 756 1441 829; x_wconf 92' lang='lat' dir='ltr'><em>L</em></span> <span class='ocrx_word' id='word_1_20' title='bbox 1478 756 1519 829; x_wconf 91' lang='lat' dir='ltr'><strong>in</strong></span> <span class='ocrx_word' id='word_1_21' title='bbox 1549 775 1701 855; x_wconf 89' lang='lat' dir='ltr'><strong>partes</strong></span> <span class='ocrx_word' id='word_1_22' title='bbox 1742 763 1956 837; x_wconf 74' lang='lat' dir='ltr'><strong>innumeras</strong></span> 
     </span>
     <span class='ocr_line' id='line_1_4' title="bbox 457 874 1957 977; baseline 0.002 -26"><span class='ocrx_word' id='word_1_23' title='bbox 457 874 628 974; x_wconf 74' lang='lat' dir='ltr'><strong>aequales,</strong></span> <span class='ocrx_word' id='word_1_24' title='bbox 649 876 685 950; x_wconf 67' lang='lat'><strong>81</strong></span> <span class='ocrx_word' id='word_1_25' title='bbox 702 903 724 950; x_wconf 90' lang='lat' dir='ltr'><strong>a</strong></span> <span class='ocrx_word' id='word_1_26' title='bbox 742 878 906 974; x_wconf 89' lang='lat' dir='ltr'><strong>partibus</strong></span> <span class='ocrx_word' id='word_1_27' title='bbox 924 877 1078 977; x_wconf 85' lang='lat' dir='ltr'><strong>singulis</strong></span> <span class='ocrx_word' id='word_1_28' title='bbox 1096 881 1147 954; x_wconf 89' lang='lat' dir='ltr'><em>N</em></span> <span class='ocrx_word' id='word_1_29' title='bbox 1159 880 1208 953; x_wconf 91' lang='lat' dir='ltr'><strong>ad</strong></span> <span class='ocrx_word' id='word_1_30' title='bbox 1225 880 1446 954; x_wconf 86' lang='lat' dir='ltr'><strong>diametrum</strong></span> <span class='ocrx_word' id='word_1_31' title='bbox 1460 878 1537 951; x_wconf 89' lang='lat' dir='ltr'><strong>IL</strong></span> <span class='ocrx_word' id='word_1_32' title='bbox 1559 881 1850 961; x_wconf 86' lang='lat' dir='ltr'><strong>demittantur</strong></span> <span class='ocrx_word' id='word_1_33' title='bbox 1864 885 1957 958; x_wconf 85' lang='lat' dir='ltr'><strong>sinus</strong></span> 
     </span>
     <span class='ocr_line' id='line_1_5' title="bbox 457 993 1958 1101; baseline 0.001 -33"><span class='ocrx_word' id='word_1_34' title='bbox 457 995 508 1068; x_wconf 93' lang='lat' dir='ltr'><em>N</em></span> <span class='ocrx_word' id='word_1_35' title='bbox 518 996 576 1069; x_wconf 87' lang='lat' dir='ltr'><strong>M.</strong></span> <span class='ocrx_word' id='word_1_36' title='bbox 632 993 685 1068; x_wconf 89' lang='lat' dir='ltr'><strong>Et</strong></span> <span class='ocrx_word' id='word_1_37' title='bbox 709 1019 855 1068; x_wconf 89' lang='lat' dir='ltr'><strong>summa</strong></span> <span class='ocrx_word' id='word_1_38' title='bbox 885 995 1150 1092; x_wconf 88' lang='lat' dir='ltr'><strong>quadratorum</strong></span> <span class='ocrx_word' id='word_1_39' title='bbox 1170 1023 1226 1084; x_wconf 52' lang='lat' dir='ltr'><strong>,ex</strong></span> <span class='ocrx_word' id='word_1_40' title='bbox 1252 997 1393 1070; x_wconf 89' lang='lat' dir='ltr'><strong>sinibus</strong></span> <span class='ocrx_word' id='word_1_41' title='bbox 1421 997 1609 1073; x_wconf 91' lang='lat' dir='ltr'><strong>omnibus</strong></span> <span class='ocrx_word' id='word_1_42' title='bbox 1642 1002 1706 1075; x_wconf 93' lang='lat' dir='ltr'><em>N</em></span> <span class='ocrx_word' id='word_1_43' title='bbox 1715 1003 1785 1076; x_wconf 91' lang='lat' dir='ltr'><em>M</em></span> <span class='ocrx_word' id='word_1_44' title='bbox 1808 998 1958 1101; x_wconf 83' lang='lat' dir='ltr'><strong>aequalis</strong></span> 
     </span>
     <span class='ocr_line' id='line_1_6' title="bbox 457 1111 1958 1216; baseline 0.003 -30"><span class='ocrx_word' id='word_1_45' title='bbox 457 1112 527 1187; x_wconf 91' lang='lat' dir='ltr'><strong>erit</strong></span> <span class='ocrx_word' id='word_1_46' title='bbox 543 1135 699 1185; x_wconf 84' lang='lat' dir='ltr'><strong>summae</strong></span> <span class='ocrx_word' id='word_1_47' title='bbox 716 1111 980 1208; x_wconf 88' lang='lat' dir='ltr'><strong>quadratorum</strong></span> <span class='ocrx_word' id='word_1_48' title='bbox 998 1136 1046 1185; x_wconf 88' lang='lat' dir='ltr'><strong>ex</strong></span> <span class='ocrx_word' id='word_1_49' title='bbox 1063 1112 1204 1186; x_wconf 90' lang='lat' dir='ltr'><strong>sinibus</strong></span> <span class='ocrx_word' id='word_1_50' title='bbox 1221 1113 1269 1185; x_wconf 91' lang='lat' dir='ltr'><em>K</em></span> <span class='ocrx_word' id='word_1_51' title='bbox 1277 1113 1337 1201; x_wconf 85' lang='lat' dir='ltr'><strong>M,</strong></span> <span class='ocrx_word' id='word_1_52' title='bbox 1357 1111 1393 1185; x_wconf 87' lang='lat'>&amp;</span> <span class='ocrx_word' id='word_1_53' title='bbox 1415 1136 1571 1187; x_wconf 86' lang='lat' dir='ltr'><strong>summa</strong></span> <span class='ocrx_word' id='word_1_54' title='bbox 1599 1132 1790 1216; x_wconf 90' lang='lat' dir='ltr'><strong>utraque</strong></span> <span class='ocrx_word' id='word_1_55' title='bbox 1809 1115 1958 1216; x_wconf 73' lang='lat' dir='ltr'><strong>aequalts</strong></span> 
     </span>
     <span class='ocr_line' id='line_1_7' title="bbox 457 1227 1959 1330; baseline -0.001 -25"><span class='ocrx_word' id='word_1_56' title='bbox 457 1230 527 1305; x_wconf 90' lang='lat' dir='ltr'><strong>erit</strong></span> <span class='ocrx_word' id='word_1_57' title='bbox 553 1254 709 1302; x_wconf 85' lang='lat' dir='ltr'><strong>summae</strong></span> <span class='ocrx_word' id='word_1_58' title='bbox 737 1227 1000 1325; x_wconf 90' lang='lat' dir='ltr'><strong>quadratorum</strong></span> <span class='ocrx_word' id='word_1_59' title='bbox 1027 1253 1074 1301; x_wconf 88' lang='lat' dir='ltr'><strong>ex</strong></span> <span class='ocrx_word' id='word_1_60' title='bbox 1102 1229 1258 1302; x_wconf 89' lang='lat' dir='ltr'><strong>totidem</strong></span> <span class='ocrx_word' id='word_1_61' title='bbox 1286 1228 1581 1303; x_wconf 88' lang='lat' dir='ltr'><strong>semidiametris</strong></span> <span class='ocrx_word' id='word_1_62' title='bbox 1610 1233 1673 1305; x_wconf 93' lang='lat' dir='ltr'><em>K</em></span> <span class='ocrx_word' id='word_1_63' title='bbox 1682 1236 1744 1308; x_wconf 93' lang='lat' dir='ltr'><em>N</em></span> <span class='ocrx_word' id='word_1_64' title='bbox 1754 1268 1774 1323; x_wconf 87' lang='lat'><strong>,·</strong></span> <span class='ocrx_word' id='word_1_65' title='bbox 1803 1236 1959 1330; x_wconf 87' lang='lat' dir='ltr'><strong>ideoque</strong></span> 
     </span>
     <span class='ocr_line' id='line_1_8' title="bbox 458 1344 1960 1450; baseline -0.001 -27"><span class='ocrx_word' id='word_1_66' title='bbox 458 1373 603 1423; x_wconf 88' lang='lat' dir='ltr'><strong>summa</strong></span> <span class='ocrx_word' id='word_1_67' title='bbox 620 1346 883 1445; x_wconf 90' lang='lat' dir='ltr'><strong>quadratorum</strong></span> <span class='ocrx_word' id='word_1_68' title='bbox 902 1370 949 1418; x_wconf 84' lang='lat' dir='ltr'><strong>ex</strong></span> <span class='ocrx_word' id='word_1_69' title='bbox 967 1346 1139 1419; x_wconf 84' lang='lat' dir='ltr'><strong>omnibus</strong></span> <span class='ocrx_word' id='word_1_70' title='bbox 1155 1347 1207 1419; x_wconf 95' lang='lat' dir='ltr'><em>N</em></span> <span class='ocrx_word' id='word_1_71' title='bbox 1215 1348 1273 1419; x_wconf 92' lang='lat' dir='ltr'><em>M</em></span> <span class='ocrx_word' id='word_1_72' title='bbox 1282 1347 1352 1420; x_wconf 90' lang='lat' dir='ltr'><strong>crit</strong></span> <span class='ocrx_word' id='word_1_73' title='bbox 1368 1344 1484 1444; x_wconf 93' lang='lat' dir='ltr'><strong>duplo</strong></span> <span class='ocrx_word' id='word_1_74' title='bbox 1503 1348 1642 1425; x_wconf 91' lang='lat' dir='ltr'><strong>minor</strong></span> <span class='ocrx_word' id='word_1_75' title='bbox 1662 1378 1799 1450; x_wconf 89' lang='lat' dir='ltr'><strong>quarn</strong></span> <span class='ocrx_word' id='word_1_76' title='bbox 1818 1374 1960 1429; x_wconf 90' lang='lat' dir='ltr'><strong>summa</strong></span> 
     </span>
     <span class='ocr_line' id='line_1_9' title="bbox 458 1462 1389 1563; baseline -0.002 -24"><span class='ocrx_word' id='word_1_77' title='bbox 458 1466 722 1563; x_wconf 88' lang='lat' dir='ltr'><strong>quadratorum</strong></span> <span class='ocrx_word' id='word_1_78' title='bbox 739 1487 787 1536; x_wconf 86' lang='lat' dir='ltr'><strong>ex</strong></span> <span class='ocrx_word' id='word_1_79' title='bbox 804 1462 960 1537; x_wconf 88' lang='lat' dir='ltr'><strong>totidem</strong></span> <span class='ocrx_word' id='word_1_80' title='bbox 977 1463 1261 1539; x_wconf 88' lang='lat' dir='ltr'><strong>semidiametris</strong></span> <span class='ocrx_word' id='word_1_81' title='bbox 1278 1464 1389 1537; x_wconf 90' lang='grc' dir='ltr'><strong>ΚΝ.</strong></span> 
     </span>
    </p>
   </div>
   <div class='ocr_carea' id='block_1_3' title="bbox 460 3214 1973 4008">
    <p class='ocr_par' dir='ltr' id='par_1_3' title="bbox 460 3214 1973 4008">
     <span class='ocr_line' id='line_1_10' title="bbox 526 3214 1963 3329; baseline 0.015 -42"><span class='ocrx_word' id='word_1_82' title='bbox 526 3216 612 3312; x_wconf 88' lang='lat' dir='ltr'><strong>Jam</strong></span> <span class='ocrx_word' id='word_1_83' title='bbox 630 3216 817 3289; x_wconf 87' lang='lat' dir='ltr'><strong>dividatur</strong></span> <span class='ocrx_word' id='word_1_84' title='bbox 833 3218 1031 3314; x_wconf 88' lang='lat' dir='ltr'><strong>perimeter</strong></span> <span class='ocrx_word' id='word_1_85' title='bbox 1048 3214 1169 3289; x_wconf 92' lang='lat' dir='ltr'><strong>circuli</strong></span> <span class='ocrx_word' id='word_1_86' title='bbox 1183 3215 1224 3286; x_wconf 94' lang='lat' dir='ltr'><em>A</em></span> <span class='ocrx_word' id='word_1_87' title='bbox 1238 3215 1279 3286; x_wconf 90' lang='lat' dir='ltr'><em>E</em></span> <span class='ocrx_word' id='word_1_88' title='bbox 1297 3215 1333 3287; x_wconf 95' lang='lat' dir='ltr'><strong>in</strong></span> <span class='ocrx_word' id='word_1_89' title='bbox 1350 3214 1551 3310; x_wconf 86' lang='lat' dir='ltr'><strong>particulas</strong></span> <span class='ocrx_word' id='word_1_90' title='bbox 1571 3226 1756 3303; x_wconf 89' lang='lat' dir='ltr'><strong>totidem</strong></span> <span class='ocrx_word' id='word_1_91' title='bbox 1777 3230 1963 3329; x_wconf 70' lang='lat' dir='ltr'><strong>aequales,</strong></span> 
     </span>
     <span class='ocr_line' id='line_1_11' title="bbox 461 3331 1964 3441; baseline 0.002 -31"><span class='ocrx_word' id='word_1_92' title='bbox 461 3337 497 3410; x_wconf 72' lang='lat' dir='ltr'><strong>dc</strong></span> <span class='ocrx_word' id='word_1_93' title='bbox 514 3337 562 3410; x_wconf 87' lang='lat' dir='ltr'><strong>ab</strong></span> <span class='ocrx_word' id='word_1_94' title='bbox 580 3362 706 3409; x_wconf 90' lang='lat' dir='ltr'><strong>carum</strong></span> <span class='ocrx_word' id='word_1_95' title='bbox 724 3362 946 3434; x_wconf 90' lang='lat' dir='ltr'><strong>unaquaque</strong></span> <span class='ocrx_word' id='word_1_96' title='bbox 962 3338 1004 3408; x_wconf 91' lang='lat' dir='ltr'><em>F</em></span> <span class='ocrx_word' id='word_1_97' title='bbox 1015 3335 1062 3408; x_wconf 89' lang='lat' dir='ltr'><strong>ad</strong></span> <span class='ocrx_word' id='word_1_98' title='bbox 1090 3331 1239 3429; x_wconf 91' lang='lat' dir='ltr'><strong>planum</strong></span> <span class='ocrx_word' id='word_1_99' title='bbox 1259 3333 1347 3421; x_wconf 81' lang='lat' dir='ltr'><strong>QR</strong></span> <span class='ocrx_word' id='word_1_100' title='bbox 1370 3332 1593 3409; x_wconf 87' lang='lat' dir='ltr'><strong>demittatur</strong></span> <span class='ocrx_word' id='word_1_101' title='bbox 1622 3346 1964 3441; x_wconf 76' lang='lat' dir='ltr'><strong>perpendiculum</strong></span> 
     </span>
     <span class='ocr_line' id='line_1_12' title="bbox 460 3447 1970 3557; baseline 0.004 -31"><span class='ocrx_word' id='word_1_102' title='bbox 460 3454 503 3526; x_wconf 88' lang='lat' dir='ltr'><em>F</em></span> <span class='ocrx_word' id='word_1_103' title='bbox 513 3454 556 3540; x_wconf 89' lang='lat' dir='ltr'><strong>G,</strong></span> <span class='ocrx_word' id='word_1_104' title='bbox 576 3453 671 3526; x_wconf 86' lang='lat' dir='ltr'><strong>ut&amp;</strong></span> <span class='ocrx_word' id='word_1_105' title='bbox 689 3479 712 3526; x_wconf 88' lang='lat' dir='ltr'><strong>a</strong></span> <span class='ocrx_word' id='word_1_106' title='bbox 729 3468 866 3548; x_wconf 91' lang='lat' dir='ltr'><strong>puncto</strong></span> <span class='ocrx_word' id='word_1_107' title='bbox 884 3454 924 3525; x_wconf 98' lang='lat' dir='ltr'><em>A</em></span> <span class='ocrx_word' id='word_1_108' title='bbox 946 3447 1247 3549; x_wconf 88' lang='lat' dir='ltr'><strong>perpendiculum</strong></span> <span class='ocrx_word' id='word_1_109' title='bbox 1266 3449 1306 3518; x_wconf 95' lang='lat' dir='ltr'><em>A</em></span> <span class='ocrx_word' id='word_1_110' title='bbox 1323 3448 1378 3519; x_wconf 88' lang='grc' dir='ltr'><strong>Η.</strong></span> <span class='ocrx_word' id='word_1_111' title='bbox 1434 3447 1487 3519; x_wconf 91' lang='lat' dir='ltr'><strong>Et</strong></span> <span class='ocrx_word' id='word_1_112' title='bbox 1505 3450 1578 3537; x_wconf 90' lang='lat' dir='ltr'><strong>vis,</strong></span> <span class='ocrx_word' id='word_1_113' title='bbox 1600 3480 1689 3550; x_wconf 87' lang='lat' dir='ltr'><strong>qua</strong></span> <span class='ocrx_word' id='word_1_114' title='bbox 1710 3464 1913 3557; x_wconf 82' lang='lat' dir='ltr'><strong>particula</strong></span> <span class='ocrx_word' id='word_1_115' title='bbox 1930 3463 1970 3536; x_wconf 89' lang='lat' dir='ltr'><em>F</em></span> 
     </span>
     <span class='ocr_line' id='line_1_13' title="bbox 461 3558 1963 3677; baseline -0.005 -35"><span class='ocrx_word' id='word_1_116' title='bbox 461 3570 599 3643; x_wconf 87' lang='lat' dir='ltr'><strong>recedit</strong></span> <span class='ocrx_word' id='word_1_117' title='bbox 629 3595 652 3642; x_wconf 88' lang='lat' dir='ltr'><strong>a</strong></span> <span class='ocrx_word' id='word_1_118' title='bbox 679 3567 790 3665; x_wconf 90' lang='lat' dir='ltr'><strong>plano</strong></span> <span class='ocrx_word' id='word_1_119' title='bbox 820 3569 917 3658; x_wconf 77' lang='lat' dir='ltr'><strong>QR,</strong></span> <span class='ocrx_word' id='word_1_120' title='bbox 952 3568 1020 3639; x_wconf 89' lang='lat' dir='ltr'><strong>erit</strong></span> <span class='ocrx_word' id='word_1_121' title='bbox 1050 3581 1091 3636; x_wconf 94' lang='lat' dir='ltr'><strong>ut</strong></span> <span class='ocrx_word' id='word_1_122' title='bbox 1124 3561 1425 3659; x_wconf 81' lang='lat' dir='ltr'><strong>perpendiculum</strong></span> <span class='ocrx_word' id='word_1_123' title='bbox 1461 3558 1553 3635; x_wconf 93' lang='lat' dir='ltr'><strong>illud</strong></span> <span class='ocrx_word' id='word_1_124' title='bbox 1592 3570 1643 3639; x_wconf 93' lang='lat' dir='ltr'><em>F</em></span> <span class='ocrx_word' id='word_1_125' title='bbox 1653 3575 1697 3645; x_wconf 89' lang='lat' dir='ltr'><em>G</em></span> <span class='ocrx_word' id='word_1_126' title='bbox 1728 3604 1810 3673; x_wconf 70' lang='lat' dir='ltr'><strong>per</strong></span> <span class='ocrx_word' id='word_1_127' title='bbox 1843 3583 1963 3677; x_wconf 70' lang='lat' dir='ltr'><strong>hypo.</strong></span> 
     </span>
     <span class='ocr_line' id='line_1_14' title="bbox 461 3675 1973 3784; baseline 0.003 -27"><span class='ocrx_word' id='word_1_128' title='bbox 461 3683 648 3770; x_wconf 78' lang='lat' dir='ltr'><strong>thesin&amp;</strong></span> <span class='ocrx_word' id='word_1_129' title='bbox 676 3685 756 3756; x_wconf 70' lang='lat' dir='ltr'><strong>haec</strong></span> <span class='ocrx_word' id='word_1_130' title='bbox 784 3684 840 3755; x_wconf 90' lang='lat' dir='ltr'><strong>vis</strong></span> <span class='ocrx_word' id='word_1_131' title='bbox 858 3683 969 3756; x_wconf 88' lang='lat' dir='ltr'><strong>ducta</strong></span> <span class='ocrx_word' id='word_1_132' title='bbox 991 3682 1026 3752; x_wconf 92' lang='lat' dir='ltr'><strong>in</strong></span> <span class='ocrx_word' id='word_1_133' title='bbox 1045 3677 1257 3751; x_wconf 86' lang='lat' dir='ltr'><strong>distantiam</strong></span> <span class='ocrx_word' id='word_1_134' title='bbox 1287 3675 1321 3747; x_wconf 82' lang='lat' dir='ltr'><em>C</em></span> <span class='ocrx_word' id='word_1_135' title='bbox 1333 3676 1369 3747; x_wconf 85' lang='lat' dir='ltr'><em>G</em></span> <span class='ocrx_word' id='word_1_136' title='bbox 1385 3675 1454 3747; x_wconf 92' lang='lat' dir='ltr'><strong>erit</strong></span> <span class='ocrx_word' id='word_1_137' title='bbox 1478 3677 1660 3758; x_wconf 86' lang='lat' dir='ltr'><strong>efficacia</strong></span> <span class='ocrx_word' id='word_1_138' title='bbox 1686 3696 1906 3784; x_wconf 70' lang='lat' dir='ltr'><strong>particulae</strong></span> <span class='ocrx_word' id='word_1_139' title='bbox 1932 3696 1973 3767; x_wconf 85' lang='lat' dir='ltr'><em>F</em></span> 
     </span>
     <span class='ocr_line' id='line_1_15' title="bbox 461 3789 1969 3899; baseline 0.002 -27"><span class='ocrx_word' id='word_1_140' title='bbox 461 3799 510 3872; x_wconf 92' lang='lat' dir='ltr'><strong>ad</strong></span> <span class='ocrx_word' id='word_1_141' title='bbox 540 3814 675 3872; x_wconf 91' lang='lat' dir='ltr'><strong>terram</strong></span> <span class='ocrx_word' id='word_1_142' title='bbox 703 3800 838 3872; x_wconf 91' lang='lat' dir='ltr'><strong>circum</strong></span> <span class='ocrx_word' id='word_1_143' title='bbox 873 3812 1038 3869; x_wconf 91' lang='lat' dir='ltr'><strong>centrum</strong></span> <span class='ocrx_word' id='word_1_144' title='bbox 1073 3794 1152 3889; x_wconf 83' lang='lat' dir='ltr'><strong>ejus</strong></span> <span class='ocrx_word' id='word_1_145' title='bbox 1186 3789 1482 3863; x_wconf 88' lang='lat' dir='ltr'><strong>convertendam.</strong></span> <span class='ocrx_word' id='word_1_146' title='bbox 1553 3793 1750 3899; x_wconf 86' lang='lat' dir='ltr'><strong>Ideoque</strong></span> <span class='ocrx_word' id='word_1_147' title='bbox 1791 3812 1969 3886; x_wconf 71' lang='lat' dir='ltr'><strong>efficacia</strong></span> 
     </span>
     <span class='ocr_line' id='line_1_16' title="bbox 461 3903 1971 4008; baseline 0.001 -24"><span class='ocrx_word' id='word_1_148' title='bbox 461 3911 649 4008; x_wconf 79' lang='lat' dir='ltr'><strong>particulae</strong></span> <span class='ocrx_word' id='word_1_149' title='bbox 685 3913 721 3984; x_wconf 95' lang='lat' dir='ltr'><strong>in</strong></span> <span class='ocrx_word' id='word_1_150' title='bbox 757 3909 837 3984; x_wconf 90' lang='lat' dir='ltr'><strong>loco</strong></span> <span class='ocrx_word' id='word_1_151' title='bbox 872 3912 914 3981; x_wconf 88' lang='lat' dir='ltr'><em>F</em></span> <span class='ocrx_word' id='word_1_152' title='bbox 941 3910 1011 3981; x_wconf 89' lang='lat' dir='ltr'><strong>erit</strong></span> <span class='ocrx_word' id='word_1_153' title='bbox 1044 3908 1091 3978; x_wconf 91' lang='lat' dir='ltr'><strong>ad</strong></span> <span class='ocrx_word' id='word_1_154' title='bbox 1127 3905 1326 3978; x_wconf 84' lang='lat' dir='ltr'><strong>efficaciam</strong></span> <span class='ocrx_word' id='word_1_155' title='bbox 1360 3903 1548 3998; x_wconf 67' lang='lat' dir='ltr'><strong>particulae</strong></span> <span class='ocrx_word' id='word_1_156' title='bbox 1588 3910 1630 3983; x_wconf 88' lang='lat' dir='ltr'><strong>in</strong></span> <span class='ocrx_word' id='word_1_157' title='bbox 1683 3918 1782 3997; x_wconf 74' lang='lat'><em>1000</em></span> <span class='ocrx_word' id='word_1_158' title='bbox 1831 3930 1878 4000; x_wconf 83' lang='grc' dir='ltr'><em>Α</em></span> <span class='ocrx_word' id='word_1_159' title='bbox 1928 3943 1971 3999; x_wconf 79' lang='lat' dir='ltr'><strong>ut</strong></span> 
     </span>
    </p>
   </div>
   <div class='ocr_carea' id='block_1_4' title="bbox 461 4018 1973 4813">
    <p class='ocr_par' dir='ltr' id='par_1_4' title="bbox 461 4018 1971 4470">
     <span class='ocr_line' id='line_1_17' title="bbox 461 4018 1971 4141; baseline 0.001 -42"><span class='ocrx_word' id='word_1_160' title='bbox 461 4023 1111 4110; x_wconf 67' lang='lat' dir='ltr'><strong>FGchadAHxHfflroc</strong></span> <span class='ocrx_word' id='word_1_161' title='bbox 1132 4037 1197 4105; x_wconf 89' lang='lat' dir='ltr'><strong>est,</strong></span> <span class='ocrx_word' id='word_1_162' title='bbox 1217 4018 1453 4114; x_wconf 80' lang='lat' dir='ltr'><strong>utFand</strong></span> <span class='ocrx_word' id='word_1_163' title='bbox 1477 4021 1520 4090; x_wconf 98' lang='lat' dir='ltr'><em>A</em></span> <span class='ocrx_word' id='word_1_164' title='bbox 1542 4023 1643 4120; x_wconf 85' lang='lat' dir='ltr'><strong>Cq,·</strong></span> <span class='ocrx_word' id='word_1_165' title='bbox 1674 4034 1719 4108; x_wconf 59' lang='grc' dir='ltr'><strong>δι</strong></span> <span class='ocrx_word' id='word_1_166' title='bbox 1749 4061 1971 4141; x_wconf 62' lang='lat' dir='ltr'><strong>propterea</strong></span> 
     </span>
     <span class='ocr_line' id='line_1_18' title="bbox 462 4133 1971 4238; baseline -0.001 -20"><span class='ocrx_word' id='word_1_167' title='bbox 462 4145 624 4218; x_wconf 87' lang='lat' dir='ltr'><strong>efficacia</strong></span> <span class='ocrx_word' id='word_1_168' title='bbox 642 4160 719 4217; x_wconf 92' lang='lat' dir='ltr'><strong>tota</strong></span> <span class='ocrx_word' id='word_1_169' title='bbox 736 4140 995 4238; x_wconf 89' lang='lat' dir='ltr'><strong>particularum</strong></span> <span class='ocrx_word' id='word_1_170' title='bbox 1021 4138 1185 4212; x_wconf 91' lang='lat' dir='ltr'><strong>omnium</strong></span> <span class='ocrx_word' id='word_1_171' title='bbox 1215 4136 1250 4206; x_wconf 93' lang='lat' dir='ltr'><strong>in</strong></span> <span class='ocrx_word' id='word_1_172' title='bbox 1275 4133 1363 4207; x_wconf 87' lang='lat' dir='ltr'><strong>locis</strong></span> <span class='ocrx_word' id='word_1_173' title='bbox 1389 4134 1463 4204; x_wconf 90' lang='lat' dir='ltr'><strong>suis</strong></span> <span class='ocrx_word' id='word_1_174' title='bbox 1481 4135 1524 4203; x_wconf 93' lang='lat' dir='ltr'><em>F</em></span> <span class='ocrx_word' id='word_1_175' title='bbox 1544 4140 1622 4212; x_wconf 90' lang='lat' dir='ltr'><strong>erit</strong></span> <span class='ocrx_word' id='word_1_176' title='bbox 1652 4151 1711 4222; x_wconf 91' lang='lat' dir='ltr'><strong>ad</strong></span> <span class='ocrx_word' id='word_1_177' title='bbox 1743 4158 1971 4235; x_wconf 65' lang='lat' dir='ltr'><strong>efficaciam</strong></span> 
     </span>
     <span class='ocr_line' id='line_1_19' title="bbox 462 4247 1971 4355; baseline 0.009 -23"><span class='ocrx_word' id='word_1_178' title='bbox 462 4259 722 4355; x_wconf 86' lang='lat' dir='ltr'><strong>particularum</strong></span> <span class='ocrx_word' id='word_1_179' title='bbox 740 4258 894 4331; x_wconf 92' lang='lat' dir='ltr'><strong>totidem</strong></span> <span class='ocrx_word' id='word_1_180' title='bbox 914 4256 950 4327; x_wconf 94' lang='lat' dir='ltr'><strong>in</strong></span> <span class='ocrx_word' id='word_1_181' title='bbox 968 4254 1049 4328; x_wconf 94' lang='lat' dir='ltr'><strong>loco</strong></span> <span class='ocrx_word' id='word_1_182' title='bbox 1066 4253 1106 4324; x_wconf 98' lang='lat' dir='ltr'><em>A</em></span> <span class='ocrx_word' id='word_1_183' title='bbox 1136 4267 1178 4325; x_wconf 94' lang='lat' dir='ltr'><strong>ut</strong></span> <span class='ocrx_word' id='word_1_184' title='bbox 1194 4274 1338 4322; x_wconf 88' lang='lat' dir='ltr'><strong>summa</strong></span> <span class='ocrx_word' id='word_1_185' title='bbox 1354 4247 1518 4321; x_wconf 92' lang='lat' dir='ltr'><strong>omnium</strong></span> <span class='ocrx_word' id='word_1_186' title='bbox 1537 4250 1582 4320; x_wconf 90' lang='lat' dir='ltr'><em>F</em></span> <span class='ocrx_word' id='word_1_187' title='bbox 1590 4255 1630 4325; x_wconf 88' lang='lat' dir='ltr'><em>C</em></span> <span class='ocrx_word' id='word_1_188' title='bbox 1635 4285 1664 4352; x_wconf 86' lang='lat' dir='ltr'><strong>q</strong></span> <span class='ocrx_word' id='word_1_189' title='bbox 1683 4269 1742 4340; x_wconf 85' lang='lat' dir='ltr'><strong>ad</strong></span> <span class='ocrx_word' id='word_1_190' title='bbox 1763 4296 1971 4350; x_wconf 85' lang='lat' dir='ltr'><strong>summam</strong></span> 
     </span>
     <span class='ocr_line' id='line_1_20' title="bbox 463 4361 1969 4470; baseline 0 -21"><span class='ocrx_word' id='word_1_191' title='bbox 463 4376 618 4449; x_wconf 87' lang='lat' dir='ltr'><strong>totidem</strong></span> <span class='ocrx_word' id='word_1_192' title='bbox 653 4377 694 4447; x_wconf 93' lang='lat' dir='ltr'><em>A</em></span> <span class='ocrx_word' id='word_1_193' title='bbox 711 4375 746 4447; x_wconf 88' lang='lat' dir='ltr'><em>C</em></span> <span class='ocrx_word' id='word_1_194' title='bbox 751 4400 783 4470; x_wconf 81' lang='lat' dir='ltr'><strong>q,</strong></span> <span class='ocrx_word' id='word_1_195' title='bbox 819 4373 890 4444; x_wconf 94' lang='lat' dir='ltr'><strong>hoc</strong></span> <span class='ocrx_word' id='word_1_196' title='bbox 924 4386 981 4444; x_wconf 90' lang='lat' dir='ltr'><strong>est</strong></span> <span class='ocrx_word' id='word_1_197' title='bbox 1013 4371 1094 4465; x_wconf 87' lang='lat' dir='ltr'><strong>(per</strong></span> <span class='ocrx_word' id='word_1_198' title='bbox 1117 4368 1195 4463; x_wconf 89' lang='lat' dir='ltr'><strong>jam</strong></span> <span class='ocrx_word' id='word_1_199' title='bbox 1223 4361 1487 4457; x_wconf 84' lang='lat' dir='ltr'><strong>demonstrata)</strong></span> <span class='ocrx_word' id='word_1_200' title='bbox 1521 4378 1564 4436; x_wconf 91' lang='lat' dir='ltr'><strong>ut</strong></span> <span class='ocrx_word' id='word_1_201' title='bbox 1598 4394 1735 4453; x_wconf 87' lang='lat' dir='ltr'><strong>unum</strong></span> <span class='ocrx_word' id='word_1_202' title='bbox 1776 4392 1835 4463; x_wconf 73' lang='lat' dir='ltr'><strong>ad</strong></span> <span class='ocrx_word' id='word_1_203' title='bbox 1876 4395 1969 4467; x_wconf 64' lang='lat' dir='ltr'><strong>duo,</strong></span> 
     </span>
    </p>

    <p class='ocr_par' dir='ltr' id='par_1_5' title="bbox 467 4590 1973 4813">
     <span class='ocr_line' id='line_1_21' title="bbox 534 4590 1973 4713; baseline 0.01 -39"><span class='ocrx_word' id='word_1_204' title='bbox 534 4604 587 4676; x_wconf 92' lang='lat' dir='ltr'><strong>Et</strong></span> <span class='ocrx_word' id='word_1_205' title='bbox 604 4606 778 4700; x_wconf 91' lang='lat' dir='ltr'><strong>quoniam</strong></span> <span class='ocrx_word' id='word_1_206' title='bbox 796 4599 984 4699; x_wconf 86' lang='lat' dir='ltr'><strong>particulae</strong></span> <span class='ocrx_word' id='word_1_207' title='bbox 1011 4610 1127 4695; x_wconf 81' lang='lat' dir='ltr'><strong>agunt</strong></span> <span class='ocrx_word' id='word_1_208' title='bbox 1152 4591 1358 4667; x_wconf 91' lang='lat' dir='ltr'><strong>recedendo</strong></span> <span class='ocrx_word' id='word_1_209' title='bbox 1375 4590 1756 4686; x_wconf 85' lang='lat' dir='ltr'><strong>perpendiculariter</strong></span> <span class='ocrx_word' id='word_1_210' title='bbox 1786 4640 1814 4687; x_wconf 87' lang='lat' dir='ltr'><strong>a</strong></span> <span class='ocrx_word' id='word_1_211' title='bbox 1847 4620 1973 4713; x_wconf 81' lang='lat' dir='ltr'><strong>plano</strong></span> 
     </span>
     <span class='ocr_line' id='line_1_22' title="bbox 467 4700 1971 4813; baseline 0.003 -25"><span class='ocrx_word' id='word_1_212' title='bbox 467 4716 563 4805; x_wconf 84' lang='lat' dir='ltr'><strong>QR,</strong></span> <span class='ocrx_word' id='word_1_213' title='bbox 583 4719 695 4813; x_wconf 89' lang='lat' dir='ltr'><strong>idque</strong></span> <span class='ocrx_word' id='word_1_214' title='bbox 721 4717 912 4813; x_wconf 84' lang='lat' dir='ltr'><strong>aequaliter</strong></span> <span class='ocrx_word' id='word_1_215' title='bbox 936 4715 983 4787; x_wconf 89' lang='lat' dir='ltr'><strong>ab</strong></span> <span class='ocrx_word' id='word_1_216' title='bbox 1010 4727 1164 4805; x_wconf 85' lang='lat' dir='ltr'><strong>utraque</strong></span> <span class='ocrx_word' id='word_1_217' title='bbox 1189 4724 1293 4805; x_wconf 86' lang='lat' dir='ltr'><strong>parte</strong></span> <span class='ocrx_word' id='word_1_218' title='bbox 1323 4706 1429 4802; x_wconf 90' lang='lat' dir='ltr'><strong>hujus</strong></span> <span class='ocrx_word' id='word_1_219' title='bbox 1458 4700 1585 4798; x_wconf 86' lang='lat' dir='ltr'><strong>plani:</strong></span> <span class='ocrx_word' id='word_1_220' title='bbox 1615 4717 1774 4796; x_wconf 83' lang='lat' dir='ltr'><strong>eadem</strong></span> <span class='ocrx_word' id='word_1_221' title='bbox 1796 4754 1971 4808; x_wconf 59' lang='lat' dir='ltr'><strong>com-ef.</strong></span> 
     </span>
    </p>
   </div>
   <div class='ocr_carea' id='block_1_5' title="bbox 0 0 2058 5768">
    <p class='ocr_par' dir='ltr' id='par_1_6' title="bbox 0 0 2058 5768">
     <span class='ocr_line' id='line_1_23' title="bbox 0 0 2058 5768; baseline 0 0"><span class='ocrx_word' id='word_1_222' title='bbox 0 0 2058 5768; x_wconf 95' lang='lat' dir='ltr'><strong> </strong></span> 
     </span>
    </p>
   </div>
  </div>
 </body>
</html>
