4110 5782
410 460 477 526 292
883 441 949 496 ou
970 443 1104 502 nore
1126 443 1302 502 corpor
1310 443 1381 501 err

406 631 591 703 distantiae
618 656 640 702 a
664 644 798 716 centr0,
818 631 981 705 densitas
1008 635 1076 706 erit
1102 636 1286 730 reciproce
1312 650 1353 706 ut
1379 634 1494 706 cubus
1520 632 1714 705 distantiae.
1772 634 1858 705 Fin-

405 764 517 845 gatur
535 747 635 842 quod
654 747 769 819 cubus
796 748 853 818 vis
879 736 1154 844 comprimentis
1181 752 1228 823 sit
1254 765 1295 822 ut
1321 750 1636 846 quadrato-cubus
1654 749 1858 839 densitatis

407 862 443 935 8c
476 864 508 935 si
540 863 705 959 gravitas
740 877 798 934 est
831 864 1015 958 reciproce
1044 882 1085 938 ut
1119 867 1339 961 quadratum
1374 867 1569 954 distantiae,
1601 867 1765 939 densitas
1792 868 1860 939 erit

405 981 591 1074 reciproce
610 979 648 1050 in-
665 977 926 1074 sesquiplicata
945 983 1085 1056 ratione
1103 983 1297 1055 distantiae.
1368 984 1549 1081 Fingatur
1566 984 1667 1079 quod
1685 985 1742 1056 vis
1760 1010 1858 1056 com-

405 1097 567 1192 primens
596 1096 644 1168 sit
672 1096 708 1167 in
739 1095 926 1190 duplicata
954 1099 1094 1171 ratione
1121 1099 1323 1184 densitatis
1347 1098 1383 1170 &
1410 1102 1575 1196 gravitas
1606 1100 1791 1194 reciproce
1822 1100 1858 1171 in

405 1214 546 1287 ratione
576 1212 762 1309 duplicata
792 1213 986 1297 distantiae,
1017 1213 1052 1285 &
1087 1213 1251 1285 densitas
1287 1214 1355 1286 erit
1386 1215 1571 1309 reciproce
1601 1231 1642 1287 ut
1672 1214 1855 1288 distantia.

406 1333 524 1404 Casus
553 1356 683 1403 omnes
719 1355 930 1425 percurrere
957 1328 1109 1426 longum
1138 1344 1245 1402 esset.
1302 1331 1488 1402 Caeterum
1512 1356 1579 1425 per
1606 1330 1860 1424 experimenta

402 1461 546 1519 constat
572 1444 672 1540 quod
700 1445 863 1517 densitas
889 1445 984 1517 ae'ris
1010 1445 1057 1517 sit
1084 1461 1125 1516 ut
1150 1445 1206 1516 vis
1233 1445 1480 1540 comprimens
1510 1445 1570 1518 vel
1597 1461 1767 1519 accurate
1797 1445 1856 1519 vel

402 1561 534 1636 saltem
565 1588 677 1658 quam
705 1563 897 1657 proxime:
938 1560 1195 1656 &propterea
1225 1561 1389 1634 densitas
1417 1562 1512 1634 ae‘ris
1541 1563 1578 1634 in
1609 1562 1857 1657 atmosphaera

402 1695 509 1753 terrae
528 1696 584 1751 est
599 1693 638 1750 ut
656 1679 803 1773 pondus
817 1679 911 1750 ae'ris
927 1677 1039 1749 totius
1058 1676 1311 1763 incumbentis,
1326 1678 1362 1749 id
1382 1694 1447 1763 est,
1462 1692 1503 1750 ut
1517 1676 1674 1751 altitudo
1689 1680 1856 1752 mercurii

403 1796 439 1868 in
458 1796 677 1868 barometm.

497 2107 870 2181 PROPOSITIO
918 2107 1121 2202 ΧΧΙΙΙ.Ι
1177 2108 1533 2181 THEOREMA
1582 2108 1760 2180 XVIII.

402 2286 451 2360 Si
451 2287 575 2384 stnidi
599 2314 643 2360 ex
654 2286 857 2382 particnlc's
884 2312 921 2359 se
944 2285 1311 2383 mntnofngientibns
1336 2289 1521 2382 compositi
1544 2287 1702 2360 densitas
1729 2287 1780 2360 sit
1806 2297 1850 2358 nt

448 2404 664 2498 compressio,
684 2404 778 2475 vires
802 2401 1019 2498 centrifngcc
1031 2404 1313 2497 particularum
1329 2413 1418 2475 snnt
1442 2403 1615 2499 reciproce
1620 2405 1855 2499 proportion-

448 2522 521 2595 ales
536 2521 725 2594 distantiis
750 2530 957 2593 centrornrn
984 2545 1143 2594 suornm.
1196 2520 1254 2592 Et
1278 2521 1351 2592 occe
1372 2546 1483 2605 versa,
1495 2519 1696 2616 particule
1717 2520 1858 2592 oiribns

449 2663 531 2732 qna
557 2647 647 2710 ncrct
675 2638 848 2733 reciproce
867 2635 1163 2730 proportionales
1191 2636 1379 2709 distantiis
1407 2646 1613 2709 centrornm
1643 2661 1794 2709 suornm
1823 2662 1860 2708 se

451 2764 579 2849 ncntno
597 2752 789 2849 fagientes
817 2762 1036 2846 componunt
1051 2752 1222 2848 plectilem
1252 2753 1449 2843 elostc‘cnm,
1480 2754 1585 2848 cnjns
1612 2753 1772 2825 deccsc‘tos
1805 2761 1857 2824 est

448 2869 702 2964 compressioni
707 2870 1007 2964 proportionales.

470 3067 611 3142 Includi
641 3067 865 3165 intelligatur
895 3068 1047 3141 fluidum
1079 3070 1115 3142 in
1146 3070 1267 3165 spatio
1301 3071 1429 3144 cubico
1463 3071 1503 3143 A
1521 3071 1555 3142 C
1561 3070 1610 3156 E,
1637 3069 1723 3142 dein
1758 3094 1855 3142 com-

399 3187 590 3281 pressione
618 3187 736 3283 redigi
765 3186 801 3258 in
830 3187 990 3282 spatium
1022 3188 1191 3260 cubicum
1226 3189 1348 3261 minus
1378 3213 1482 3272 ace,·
1521 3185 1557 3258 8c
1584 3183 1853 3281 particulamm,

398 3302 555 3374 similem
574 3303 685 3374 situm
705 3303 800 3375 inter
816 3327 857 3374 se
884 3303 920 3374 in
948 3318 1105 3398 utroque
1132 3304 1253 3399 spatio
1270 3303 1524 3386 obtinentium,
1543 3301 1728 3372 distantiae
1747 3317 1855 3372 erunt

400 3432 441 3490 ut
458 3418 635 3490 cuborum
654 3416 768 3490 latera
785 3418 825 3490 A
840 3419 886 3504 B,
905 3421 985 3504 ab,·
1012 3419 1048 3491 &
1063 3419 1268 3493 mediorum
1288 3419 1490 3493 densitates
1509 3419 1693 3512 reciproce
1712 3431 1753 3488 ut
1769 3441 1852 3510 spa-

399 3534 450 3605 tia
481 3535 707 3607 continentia
734 3536 773 3606 A
788 3534 828 3605 B
853 3536 926 3608 cnb.
957 3534 993 3608 &
1020 3537 1074 3608 ab
1102 3537 1175 3610 cub.
1243 3538 1286 3608 In
1315 3537 1398 3609 cubi
1427 3534 1574 3632 majoris
1603 3531 1716 3604 latere
1744 3530 1855 3626 plano

397 3651 438 3722 A
446 3651 486 3722 B
492 3651 527 3723 C
527 3652 571 3722 D
587 3651 752 3745 capiatur
765 3651 985 3746 quadratum
1005 3651 1087 3722 ΗΡ

397 3765 540 3863 aequale
566 3766 669 3840 lateri
688 3767 798 3863 plano
825 3768 907 3841 cubi
934 3768 1086 3840 minoris

396 3885 452 3956 a'b
463 3915 477 3969 ,·
504 3882 539 3955 dc
558 3908 605 3955 ex
623 3883 829 3978 hypothesi,
845 3884 994 3979 pressio,
1010 3910 1084 3980 qua

397 3998 618 4094 quadratum
653 4000 750 4070 DP
784 4014 891 4095 urget
929 3999 1082 4071 fluidum
1129 4044 1151 4084 a

397 4113 587 4199 inclusum,
602 4115 671 4187 erit
689 4114 736 4186 ad
755 4115 994 4208 pressionem,
1011 4141 1083 4210 qua
1310 4114 1337 4145 '²

396 4230 485 4304 illud
504 4231 725 4326 quadratum
742 4230 788 4302 db
806 4245 914 4327 urget
932 4230 1083 4302 fluidum

397 4346 587 4435 inclusum,
607 4361 648 4418 ut
674 4346 784 4418 medii
811 4345 1014 4420 densitates
1036 4348 1083 4418 ad

397 4464 565 4548 invicem,
596 4463 665 4536 hoc
694 4477 760 4545 est,
780 4477 821 4532 ut
850 4462 905 4533 ab
932 4462 1005 4533 cub.
1036 4461 1084 4532 ad

396 4579 436 4651 A
450 4580 489 4650 B
505 4581 577 4651 cnb.
645 4578 723 4652 Sed
742 4578 892 4672 pressio,
912 4603 987 4673 qua
1013 4576 1233 4673 quadratum
1250 4572 1342 4645 DB
1358 4585 1467 4668 urget
1490 4561 1851 4647 fluidum-inclusum,

395 4709 453 4767 est
470 4695 517 4765 ad
536 4695 774 4788 pressionem,
791 4719 865 4789 qua
882 4692 1103 4788 quadratum
1121 4692 1201 4763 DP
1218 4703 1326 4786 urget
1340 4688 1438 4760 idern
1458 4685 1620 4767 fluidum,
1636 4695 1675 4752 ut
1693 4678 1851 4773 quadra-

395 4827 474 4884 tum
493 4811 579 4882 DB
596 4810 642 4883 ad
662 4811 884 4905 quadratum
902 4810 995 4900 ΠΡ,
1011 4808 1081 4882 hoc
1094 4824 1160 4895 est,
1176 4821 1216 4879 ut
1234 4805 1321 4878 AB
1337 4803 1442 4901 quael.
1460 4802 1507 4874 ad
1521 4800 1569 4873 ab
1582 4795 1687 4895 quad.
1736 4796 1851 4892 Ergo,
