4110 5782
736 428 877 486 LIBER
904 427 1103 485 TERTIUS.

390 758 764 833 PROPOSITIO
811 756 909 828 XX.
981 754 1318 826 PROBLEMA
1368 756 1438 828 IV.

251 965 424 1039 Invenire
443 967 490 1043 ὅ
508 965 606 1036 inter
621 990 656 1036 se
671 971 883 1057 comparare
889 961 1058 1056 pondera
1075 970 1267 1056 corporum
1286 960 1326 1032 in
1341 968 1454 1032 ferree
1468 959 1582 1056 lrujus

725 1095 930 1191 regtbnibus
947 1095 1108 1168 diversis.

251 1319 438 1412 Quoniam
466 1317 632 1415 pondera
662 1317 898 1415 inaequalium
926 1344 1071 1392 crurum
1098 1314 1235 1390 canalis
1254 1341 1384 1411 aqueae
1411 1316 1452 1387 A
1471 1315 1505 1388 C
1512 1315 1642 1411 Qqca

182 1435 339 1531 aequalia
365 1452 473 1522 sunt;
502 1434 538 1506 81
565 1435 731 1529 pondera
757 1437 926 1531 partium,
946 1436 1110 1507 cruribus
1136 1435 1222 1507 totis
1249 1431 1579 1529 proportionalium
1607 1432 1643 1505 dc

181 1552 348 1625 similiter
362 1554 398 1624 in
417 1552 504 1625 totis
522 1551 684 1636 sitarum,
700 1568 787 1623 sunt
804 1552 852 1624 ad
873 1552 1030 1624 invicem
1050 1569 1089 1624 ut
1107 1553 1273 1647 pondera
1292 1568 1465 1640 totorum,
1482 1551 1641 1647 ideoque

182 1671 293 1742 etiam
325 1684 520 1765 aequantur
550 1670 645 1741 inter
675 1695 738 1756 se;
774 1684 882 1741 erunt
913 1669 1077 1764 pondera
1108 1652 1305 1765 aequalium
1338 1669 1374 1741 82
1407 1669 1442 1740 in
1476 1669 1642 1741 cruribus

183 1787 351 1862 similiter
376 1789 528 1860 sitarum
556 1787 716 1881 partium
743 1787 929 1890 reciproce
956 1803 996 1857 ut
1023 1811 1136 1870 crura,
1157 1788 1194 1859 id
1219 1803 1285 1873 est,
1306 1788 1490 1883 reciproce
1509 1802 1550 1859 ut
1570 1811 1642 1880 230

181 1906 229 1977 ad
259 1931 338 1997 229.
395 1907 446 1978 Et
464 1931 531 2000 par
548 1919 606 1977 est
633 1905 725 1977 ratio
743 1904 1059 2001 homogeneorum
1089 1903 1124 1975 &
1150 1903 1349 2000 aequalium
1368 1904 1585 1999 quorumvis
1604 1902 1640 1976 81

182 2024 217 2095 in
237 2022 373 2095 canalis
392 2023 555 2095 cruribus
574 2020 741 2094 similiter
758 2021 911 2093 sitorum
934 2046 1137 2115 corporum.
1194 2020 1342 2094 Horum
1361 2020 1527 2116 pondera
1553 2037 1640 2092 sunt

181 2142 365 2237 reciproce
397 2156 438 2213 ut
464 2166 576 2223 crura,
598 2139 634 2211 id
665 2153 731 2222 est,
752 2137 936 2232 reciproce
964 2153 1005 2208 ut
1030 2137 1216 2209 distantiae
1243 2161 1438 2232 corporum
1464 2163 1487 2209 a
1513 2152 1640 2209 centro

181 2276 296 2332 terrae.
356 2259 515 2331 Proinde
545 2259 575 2329 si
604 2281 759 2351 corpora
790 2255 825 2326 in
855 2254 1038 2349 supremis
1071 2252 1252 2326 canalium
1281 2254 1456 2349 partibus¹
1489 2253 1569 2325 sive
1602 2253 1638 2325 in

182 2375 375 2471 superficie
394 2391 501 2447 terrae
520 2374 736 2458 consistant;
764 2387 872 2443 erunt
891 2370 1056 2467 pondera
1068 2397 1195 2444 eorum
1210 2371 1257 2443 ad
1278 2371 1435 2443 invicem
1455 2370 1640 2466 reciproce

184 2507 224 2564 ut
242 2491 426 2564 distantiae
445 2517 573 2564 eorum
591 2516 614 2562 a
640 2505 774 2564 centro.
830 2490 882 2561 Et
900 2489 1032 2561 eodem
1059 2505 1279 2586 argumento
1301 2488 1476 2584 pondera,
1496 2488 1533 2559 in
1559 2487 1640 2560 aliis

183 2609 463 2704 quibuscunque
490 2633 557 2704 per
575 2622 691 2679 totam
710 2622 817 2679 terrae
844 2605 1075 2702 superficiem
1098 2606 1319 2702 regionibus
1339 2621 1426 2678 sunt
1453 2605 1640 2700 reciproce

182 2739 223 2796 ut
240 2724 425 2797 distantiae
445 2724 608 2797 locorum
626 2750 648 2796 a
666 2739 793 2797 centro
809 2753 816 2809 ;
844 2723 879 2796 dc
907 2739 1113 2819 propterea,
1133 2748 1180 2795 ex
1199 2722 1395 2819 hypothesi
1415 2723 1515 2819 quod
1543 2739 1641 2795 terra

182 2840 361 2936 sphaerois
380 2842 436 2927 sit,
455 2842 591 2914 dantur
608 2841 855 2937 proportione.

253 2960 366 3032 Unde
385 2960 457 3033 tale
476 2961 588 3034 confit
605 2960 805 3045 theorema,
825 2958 924 3055 quod
953 2959 1218 3031 incrementum
1245 2957 1421 3054 ponderis
1448 2955 1639 3054 pergendo

182 3079 229 3149 ab
256 3094 444 3175 aequatore
475 3079 522 3150 ad
554 3077 659 3174 polos
686 3077 735 3148 sit
752 3101 863 3172 quam
891 3076 1059 3171 proxime
1090 3092 1131 3147 ut
1156 3075 1259 3147 sinus
1277 3099 1407 3147 versus
1435 3070 1639 3146 latitudinis

181 3194 377 3290 duplicatae
397 3194 466 3279 vel,
495 3195 595 3290 quod
623 3193 776 3289 perinde
795 3209 860 3278 est,
881 3208 921 3264 ut
938 3192 1159 3288 quadratum
1178 3193 1280 3264 sinus
1308 3191 1395 3263 recti
1422 3186 1635 3262 latitudinis,

184 3312 235 3384 Et
262 3314 297 3384 in
325 3314 456 3386 eadem
484 3312 626 3384 circiter
652 3311 793 3383 ratione
823 3326 1007 3408 augentur
1031 3336 1136 3382 arcus
1164 3309 1347 3407 graduum
1371 3306 1574 3397 latitudinis
1602 3305 1638 3377 in

180 3430 392 3502 meridiano.
451 3429 616 3524 Ideoque
634 3453 717 3501 cum
744 3426 900 3500 latitudo
927 3427 1088 3500 Lutetia
1112 3426 1350 3499 Parisiorum
1380 3426 1428 3497 sit
1454 3428 1502 3517 48
1514 3436 1551 3474 ⁸¹*
1569 3421 1636 3516 50',

180 3569 224 3614 ea
250 3543 413 3618 locorum
440 3546 510 3617 sub
536 3562 725 3641 aequatore
751 3556 841 3617 00³¹·
862 3543 934 3632 00',
954 3543 990 3614 8e
1017 3569 1062 3616 ea
1088 3542 1251 3616 locorum
1278 3543 1326 3614 ad
1355 3541 1461 3637 polos
1488 3566 1537 3632 90
1547 3552 1579 3589 ¹³¹·
1600 3538 1636 3612 81

180 3659 375 3754 duplorum
407 3660 508 3733 sinus
535 3664 632 3735 versi
664 3663 738 3734 sint
774 3684 902 3754 11334,
931 3684 1057 3735 00000
1086 3659 1122 3731 82
1155 3682 1288 3745 20000,
1321 3660 1504 3732 existente
1532 3658 1636 3731 radio

186 3799 313 3860 ioooo‚
334 3776 369 3848 dc
399 3778 563 3872 gravitas
582 3779 629 3851 ad
658 3778 785 3875 polum
804 3780 851 3851 sit
869 3778 916 3851 ad
947 3778 1169 3875 gravitatem
1190 3778 1261 3849 sub
1279 3791 1467 3872 aequatore
1493 3792 1534 3848 ut
1563 3799 1636 3868 230

179 3891 226 3963 ad
248 3917 328 3982 229,
349 3891 384 3964 81
403 3918 577 3966 excessus
594 3897 788 3992 gravitatis
807 3897 854 3967 ad
881 3894 1008 3991 polum
1026 3896 1073 3966 ad
1100 3896 1322 3992 gravitatem
1349 3893 1420 3965 sub
1445 3908 1634 3988 aequatore

179 4026 219 4080 ut
243 4034 254 4080 1
277 4009 324 4081 ad
355 4035 451 4101 229:
478 4013 548 4085 erit
565 4039 738 4086 excessus
756 4013 949 4111 gravitatis
968 4015 1004 4085 in
1031 4012 1225 4085 latitudine
1251 4010 1410 4083 Lutetia
1431 4008 1478 4081 ad
1509 4015 1633 4106 gravi-

181 4141 294 4211 tatem
313 4127 383 4198 sub
401 4146 599 4223 aequatore
620 4147 660 4202 ut
683 4156 695 4202 1
715 4131 854 4209 >ri-llll
871 4130 919 4203 ad
953 4154 1033 4222 229,
1053 4155 1118 4202 seu
1150 4135 1245 4221 5667
1265 4128 1312 4200 ad
1342 4150 1523 4218 2290000.
1582 4125 1635 4197 Et

178 4260 373 4338 propterea
390 4245 593 4341 gravitates
613 4263 700 4320 totae
733 4248 769 4320 in
800 4247 856 4318 his
886 4245 976 4319 locis
1003 4261 1110 4318 erunt
1129 4245 1176 4317 ad
1209 4246 1366 4318 invicem
1394 4260 1434 4315 ut
1463 4247 1635 4335 2295667

176 4360 224 4432 ad
254 4385 435 4451 2290000.
492 4363 618 4456 Quare
645 4390 728 4437 cum
755 4364 1005 4462 longitudines
1032 4362 1275 4458 pendulorum
1307 4359 1511 4458 aequalibus
1542 4376 1633 4432 tem-

177 4478 326 4572 poribus
345 4478 589 4552 oscillantium
608 4482 681 4555 sint
699 4497 740 4554 ut
757 4483 971 4580 gravitates
993 4480 1028 4552 &
1053 4481 1088 4552 in
1116 4478 1309 4553 latitudine
1334 4479 1494 4551 Lutetice
1519 4476 1634 4549 Pari-

175 4595 314 4665 siorum
350 4594 545 4692 longitudo
580 4598 730 4693 penduli
766 4598 920 4697 singulis
960 4598 1111 4670 minutis
1146 4595 1318 4669 secundis
1353 4593 1553 4667 oscillantis
1589 4594 1636 4666 sit

177 4711 315 4805 pedum
336 4714 445 4786 trium
477 4714 738 4789 Parisiensium
759 4715 991 4789 &linearum
1011 4720 1062 4799 85,
1084 4712 1141 4786 vel
1161 4712 1284 4808 potius
1302 4712 1352 4784 ob
1369 4711 1514 4808 pondus
1541 4710 1636 4782 aeris

178 4827 249 4903 Sl:
279 4827 475 4927 longitudo
504 4833 654 4927 penduli
682 4835 753 4907 sub
778 4850 968 4930 aequatore
995 4830 1267 4928 superabitura
1293 4828 1524 4927 longitudine
1552 4851 1636 4921 syn-

837 4959 854 5005 2
886 4958 909 5005 n
