4110 5782
736 435 873 491 LIBER
895 435 1145 494 SECUNDUS.
1596 442 1641 510 28
1645 462 1665 530 3

212 631 407 713 densetur;
434 645 561 701 contra
588 627 818 723 hypothesin.
878 628 964 700 Non
993 646 1148 723 possunt
1172 627 1316 726 longius
1343 631 1459 704 abeo
1485 632 1665 717 recedere,

216 746 284 818 nisi
320 744 471 816 fluidum
507 744 555 816 ad
590 743 920 816 circumferentiam
956 745 1222 831 condensetur;
1258 746 1368 817 etiam
1396 763 1524 819 contra
1550 747 1665 843 hypo·

212 863 343 936 thesin.
398 861 486 934 Non
515 877 670 956 possunt
697 877 844 933 servata
870 887 936 932 sua
962 888 984 933 a
1010 879 1136 934 centro
1162 861 1335 934 distantia
1362 864 1501 935 moveri
1529 864 1565 935 in
1593 863 1668 959 pla-

211 1004 299 1076 gam
326 1003 594 1074 quamcunque,
622 978 708 1072 quia
735 978 812 1071 pari
841 978 980 1049 ratione
1008 978 1256 1050 movebuntur
1282 979 1317 1049 in
1345 977 1492 1075 plagam
1524 996 1667 1053 contra-

212 1095 325 1180 riam;
363 1095 399 1165 in
431 1093 560 1189 plagas
590 1110 714 1165 autem
746 1093 946 1166 contrarias
979 1119 1051 1165 non
1081 1109 1205 1188 potest
1235 1119 1320 1188 pars
1355 1096 1496 1180 eadem,
1533 1098 1667 1171 eodem

211 1225 388 1304 tempore,
422 1209 570 1282 moveri.
627 1209 731 1304 Ergo
757 1208 859 1280 fluidi
895 1233 980 1303 pars
1017 1208 1115 1281 nulla
1149 1210 1197 1283 de
1232 1210 1313 1284 loco
1344 1238 1412 1285 suo
1447 1215 1664 1288 movebitur.

214 1326 257 1414 Q.
277 1327 324 1398 E.
345 1328 395 1400 l).

282 1445 361 1517 Cas.
395 1469 423 1518 2.
456 1445 551 1517 Dico
564 1446 652 1540 jam,
672 1443 773 1539 quod
792 1443 892 1515 fluidi
912 1443 1020 1540 hujus
1038 1461 1161 1538 partes
1179 1469 1308 1517 omnes
1332 1444 1521 1540 sphaericae
1544 1473 1667 1543 aequa·

212 1558 295 1633 liter
320 1576 536 1655 premuntur
561 1561 734 1655 undique.
790 1560 847 1632 Sit
874 1560 972 1631 enim
999 1561 1089 1631 EF
1108 1586 1193 1655 pars
1224 1561 1404 1655 sphaerica
1430 1561 1541 1646 fluidi,
1570 1563 1606 1635 81
1636 1564 1667 1636 si

211 1677 291 1750 haec
318 1677 481 1772 undique
510 1702 581 1749 non
610 1678 787 1771 premitur
813 1676 1011 1772 aqualiter,
1030 1694 1210 1773 augeatur
1235 1679 1377 1772 pressio
1401 1681 1528 1763 minor,
1548 1706 1667 1776 usque

211 1792 299 1863 dum
328 1793 407 1887 ipsa
438 1793 601 1887 undique
632 1808 821 1887 prematur
846 1792 1055 1888 aequaliter;
1096 1793 1132 1865 &
1163 1809 1286 1887 partes
1317 1794 1407 1889 ejuS,
1440 1819 1507 1888 per
1541 1820 1666 1867 casum

147 1978 153 1987 ,
212 1909 379 2004 primum,
416 1908 685 2002 permanebunt
721 1910 755 1981 in
793 1908 880 1982 locis
915 1911 999 1981 suis.
1053 1909 1131 1981 Sed
1157 1925 1243 1981 ante
1269 1927 1413 1981 auctam
1438 1911 1666 2004 pressionem

211 2026 479 2120 permanebunt
507 2027 541 2097 in
569 2025 657 2097 locis
684 2028 768 2110 suis,
788 2052 855 2121 per
880 2051 1005 2098 casum
1032 2026 1192 2099 eundem
1220 2027 1388 2120 primurn,
1418 2025 1666 2101 &additione

209 2141 409 2235 pressionis
445 2167 552 2213 novae
589 2143 836 2213 movebuntur
869 2142 916 2214 de
952 2141 1040 2214 locis
1071 2143 1157 2230 suiS,
1179 2168 1243 2237 per
1271 2142 1525 2216 definitionem
1552 2144 1663 2218 fluidi.

211 2257 307 2349 Quae
335 2258 410 2329 duo
437 2273 651 2353 repugnant.
710 2257 813 2352 Ergo
839 2257 932 2330 salso
957 2258 1148 2330 dicebatur
1173 2258 1273 2353 quod
1301 2258 1447 2352 sphaera
1476 2261 1567 2330 EF
1592 2284 1664 2333 non

211 2373 375 2468 undique
393 2375 629 2467 premebatur
646 2372 845 2468 aequaliter.
902 2375 945 2462 Q.
962 2376 1009 2447 E.
1027 2376 1076 2446 l).

280 2488 359 2560 Cas.
404 2511 434 2579 3.
479 2488 573 2560 Dico
600 2505 779 2582 practerea
810 2490 910 2583 quod
946 2491 1174 2562 diversarum
1211 2491 1368 2585 partium
1404 2490 1666 2585 sphaericarum

209 2603 362 2701 aequalis
386 2606 434 2675 sit
458 2605 608 2699 pressio.
666 2605 765 2676 Nam
791 2623 914 2699 partes
938 2606 1127 2701 sphaericae
1152 2607 1335 2703 contiguae
1362 2632 1402 2678 se
1429 2623 1558 2679 mutuo
1584 2631 1665 2701 pre-

211 2737 316 2793 munt
346 2720 540 2816 aequaliter
569 2722 603 2792 in
632 2740 769 2816 puncto
796 2739 995 2807 contactus,
1020 2749 1088 2818 per
1114 2739 1235 2796 motus
1263 2722 1383 2820 legem
1410 2747 1462 2796 111.
1517 2723 1595 2797 Sed
1620 2723 1665 2806 ἃ,

210 2862 277 2932 per
306 2862 430 2908 casum
459 2838 671 2921 secundum,
695 2839 858 2934 undique
889 2856 1107 2933 premuntur
1136 2841 1267 2913 eadem
1298 2842 1346 2914 vi.
1403 2842 1530 2912 Partes
1557 2840 1668 2937 igitur

207 2954 293 3025 duae
311 2953 454 3048 quaevis
479 2954 668 3048 sphaericae
697 2979 770 3026 non
803 2956 995 3054 contiguae,
1016 2957 1102 3051 quia
1129 2982 1213 3051 pars
1240 2957 1422 3052 sphaerica
1450 2956 1667 3029 intermedia

209 3086 360 3165 tangere
379 3084 501 3162 potest
520 3085 722 3164 utramque,
742 3089 955 3166 prementur
973 3074 1104 3146 eadem
1123 3075 1170 3145 vi.
1226 3074 1269 3162 Q.
1286 3073 1334 3144 E.
1351 3072 1401 3144 D.

279 3185 359 3257 Cas.
393 3210 425 3274 4.
466 3185 561 3257 Dico
586 3187 664 3281 jam
697 3187 797 3281 quod
827 3187 928 3260 fluidi
964 3205 1088 3283 partes
1122 3215 1252 3262 omnes
1283 3191 1419 3284 ubique
1450 3203 1667 3283 premuntur

208 3299 406 3396 aequaliter.
465 3302 564 3372 Nam
584 3319 707 3396 partes
725 3304 808 3376 duze
828 3306 970 3400 quaevis
997 3305 1097 3401 tangi
1125 3321 1280 3400 possunt
1306 3332 1328 3378 a
1353 3303 1518 3399 partibus
1544 3303 1663 3398 sphae-

210 3419 290 3489 ricis
319 3419 353 3488 in
380 3419 524 3513 punctis
545 3420 842 3516 quibuscunque,
864 3421 900 3493 &
927 3422 975 3493 ibi
1004 3438 1126 3516 partes
1146 3420 1225 3493 illas
1251 3420 1449 3516 sphaericas
1476 3418 1668 3515 aequaliter

208 3551 389 3628 premunt,
410 3559 477 3628 per
501 3560 626 3607 casum
656 3561 686 3628 3,
708 3537 743 3608 ἃ
772 3537 933 3608 vicissim
960 3537 1007 3608 ab
1035 3535 1103 3608 illis
1130 3535 1321 3632 aequaliter
1346 3551 1571 3630 premuntur,
1599 3560 1666 3630 per

209 3667 330 3723 motus
349 3649 470 3748 legem
491 3653 644 3724 tertiam.
702 3654 745 3741 Q.
760 3655 806 3725 E.
822 3655 872 3725 D.

278 3769 355 3841 Cas.
388 3790 417 3859 5.
449 3768 543 3839 Cum
564 3769 674 3864 igitur
692 3770 792 3842 fluidi
807 3795 892 3864 pars
907 3767 1072 3863 quaelibit
1093 3769 1128 3839 G
1141 3769 1225 3840 HI
1240 3769 1274 3840 in
1295 3766 1408 3839 fluido
1427 3764 1566 3860 reliquo
1585 3780 1662 3837 tan-

208 3909 319 3978 quam
340 3885 374 3955 in
395 3911 483 3956 vase
502 3885 699 3972 claudatur,
721 3889 756 3961 &
781 3889 943 3982 undique
969 3901 1156 3980 prematur
1173 3881 1372 3978 aequaliter,
1392 3897 1515 3977 partes
1541 3895 1664 3952 autem

207 4002 287 4097 ejus
313 4026 354 4072 se
381 4015 509 4072 mutuo
525 3987 726 4097 'aqualiter
752 4019 922 4097 premant
946 4002 982 4074 81
1006 4002 1197 4095 quiescant
1221 3998 1316 4069 inter
1341 4022 1402 4083 se;
1431 3995 1665 4068 manifestum

207 4133 264 4189 est
282 4116 382 4211 quod
403 4116 503 4189 fluidi
523 4120 773 4214 cujuscunque
794 4119 930 4202 GHI,
950 4117 1050 4213 quod
1070 4115 1232 4210 undique
1259 4113 1438 4209 premitur
1463 4111 1662 4208 aequaliter,

207 4247 330 4326 partes
365 4257 495 4304 omnes
530 4260 570 4305 se
606 4250 734 4306 mutuo
770 4251 942 4329 premunt
976 4230 1177 4328 aequaliter,
1206 4230 1241 4303 8t
1269 4231 1463 4326 quiescunt
1492 4230 1586 4301 inter
1611 4254 1661 4301 se.

210 4349 254 4436 Q.
271 4348 318 4420 E.
333 4348 382 4419 D.

278 4466 357 4536 Cas.
388 4470 419 4536 6.
453 4464 571 4561 Igitur
588 4466 617 4537 si
637 4466 788 4538 fluidum
809 4464 896 4537 illud
917 4467 1060 4538 invase
1083 4489 1155 4537 non
1181 4463 1300 4560 rigido
1326 4461 1524 4548 claudatur,
1545 4461 1580 4534 82
1598 4487 1664 4535 un-

207 4580 320 4674 dique
352 4604 424 4651 non
457 4596 645 4674 prematur
675 4580 885 4676 aequaliter3
926 4580 1033 4653 cedet
1068 4580 1165 4652 idem
1202 4579 1382 4674 pressioni
1418 4578 1566 4665 fortiori,
1599 4604 1666 4674 per

208 4697 460 4768 definitionem
482 4697 679 4768 fluiditatis.

279 4814 358 4886 Cas.
392 4834 420 4905 7.
454 4814 618 4908 Ideoque
639 4815 673 4884 in
694 4839 782 4885 vase
807 4814 926 4910 rigido
945 4813 1096 4886 lluidum
1117 4838 1189 4884 non
1217 4812 1411 4886 sustinebit
1438 4813 1663 4907 pressionem
