4088 5768
281 428 352 496 274
768 407 830 460 nn·
853 405 987 461 noris
1007 403 1260 461 cruuntur

282 657 341 730 illa
358 600 577 741 Q-XKI,
607 658 642 729 ἃ
660 682 826 729 arearum
844 659 936 729 DE
954 658 991 728 T
1003 657 1038 729 dc
1056 658 1096 728 A
1111 656 1191 728 bN
1199 656 1247 727 K
1259 652 1479 726 differentia.
1540 652 1592 741 Q.
1602 655 1657 728 E.
1668 656 1724 728 D.

413 723 509 793 AB

817 1078 819 1082 ·
907 1051 1102 1122 Scholr'um.

352 1246 577 1318 Resistentia
611 1270 804 1340 corporum
840 1245 1101 1340 sphaericorum
1137 1246 1173 1318 in
1209 1245 1330 1316 fluidis
1365 1245 1486 1317 oritur
1530 1249 1684 1342 partim
1721 1276 1772 1324 ex

282 1364 486 1448 tenacitate,
516 1362 648 1457 partim
684 1388 731 1434 ex
761 1361 937 1448 frictione,
968 1362 1004 1435 81
1033 1363 1166 1458 partim
1197 1388 1244 1434 ex
1271 1361 1459 1434 densitate
1493 1365 1634 1439 medii.
1715 1366 1770 1439 Et

283 1480 499 1553 resistentiae
520 1495 662 1574 partem
691 1476 901 1572 illamqua:
928 1478 1043 1551 oritur
1068 1504 1115 1550 ex
1141 1479 1324 1551 densitate
1351 1477 1456 1549 fluidi
1475 1478 1660 1555 diximus
1677 1508 1768 1557 esse

284 1597 319 1668 in
338 1595 523 1691 duplicata
542 1596 682 1667 ratione
704 1592 931 1680 velocitatis;
959 1619 1044 1688 pars
1062 1592 1185 1679 altera,
1205 1619 1289 1689 quae
1315 1594 1434 1666 oritur
1464 1620 1517 1667 ex
1547 1599 1768 1673 tenacitate

283 1712 394 1795 fluidi,
430 1727 487 1783 est
522 1710 723 1799 uniformiS,
759 1711 838 1783 sive
873 1726 914 1783 ut
956 1726 1184 1783 momentum
1220 1710 1423 1805 temporis:
1470 1710 1650 1809 ideoque
1679 1716 1765 1813 jam

282 1852 437 1924 pergere
471 1825 596 1900 liceret
630 1827 678 1899 ad
713 1844 854 1900 motum
899 1853 1102 1922 corporum,
1139 1827 1272 1923 quibus
1313 1827 1502 1900 resistitur
1537 1832 1688 1925 partim
1724 1831 1764 1904 vi

283 1945 453 2017 uniformi
480 1971 545 2017 seu
565 1945 600 2016 in
623 1944 764 2016 ratione
791 1959 1061 2017 momentorum
1088 1943 1273 2039 temporis,
1302 1942 1338 2015 82
1365 1943 1506 2038 partim
1536 1946 1577 2019 in
1612 1948 1763 2022 ratione

282 2059 468 2157 duplicata
503 2058 716 2133 velocitatis,
797 2059 874 2132 Sed
920 2059 1054 2131 sufficit
1098 2060 1238 2131 aditum
1286 2059 1514 2154 patefecisse
1562 2064 1618 2137 ad
1661 2064 1760 2137 hanc

283 2176 572 2273 speculationem
600 2177 636 2248 in
655 2176 967 2270 propositionibus
985 2199 1051 2247 vm
1071 2175 1107 2248 82
1134 2199 1183 2261 IX,
1203 2202 1287 2271 quae
1305 2177 1543 2270 praecedunt,
1565 2179 1607 2253 81
1625 2206 1757 2255 eorum

283 2293 490 2368 corollariis.
566 2294 609 2364 In
638 2293 768 2366 iisdem
804 2293 931 2387 utique
958 2318 1026 2387 pro
1060 2293 1223 2388 corporis
1257 2293 1499 2366 ascendentis
1537 2297 1756 2371 resistentia

283 2411 464 2495 uniformi,
496 2436 580 2505 quae
611 2436 658 2482 ex
687 2412 765 2506 ejus
795 2411 978 2506 gravitate
1008 2410 1132 2494 oritur,
1164 2409 1334 2481 substitui
1370 2427 1502 2505 potest
1538 2414 1754 2489 resistentia

282 2528 483 2612 uniformis
516 2552 600 2622 quae
631 2526 746 2599 oritur
775 2550 822 2598 ex
853 2526 1049 2598 tenacitate
1085 2526 1205 2610 medii,
1238 2526 1390 2622 quando
1421 2552 1566 2624 corpus
1599 2530 1682 2605 sola
1716 2530 1751 2603 vi

284 2645 394 2717 insita
429 2659 618 2728 movetur;
664 2642 699 2714 ἃ
733 2667 886 2737 corpore
930 2656 1028 2713 recta
1070 2643 1295 2715 ascendente
1337 2642 1482 2716 addere
1528 2643 1621 2720 licet
1659 2648 1752 2721 hanc

284 2761 503 2835 uniformem
522 2760 767 2832 resistentiam
795 2759 832 2830 vi
858 2759 1070 2855 gravitatis;
1098 2759 1330 2855 eandemque
1352 2761 1581 2849 subducere,
1600 2763 1749 2861 quando

284 2904 417 2973 corpus
436 2893 535 2949 recta
553 2875 753 2948 descendit.
811 2876 970 2972 Pergere
998 2876 1109 2947 etiam
1136 2874 1261 2949 liceret
1287 2876 1334 2948 ad
1363 2893 1512 2950 motum
1540 2904 1746 2978 corporum.

284 2996 417 3090 quibus
448 2992 628 3065 resistitur
661 2992 793 3087 partim
829 2991 1067 3076 uniformiter,
1101 2999 1236 3087 partim
1272 2993 1308 3064 in
1344 2994 1493 3069 ratione
1531 2996 1745 3073 velocitatis

285 3109 471 3204 &partim
498 3108 533 3178 in
562 3109 702 3180 ratione
728 3107 914 3203 duplicata
944 3107 1157 3182 velocitatis.
1233 3110 1284 3182 Et
1310 3110 1412 3182 viam
1439 3113 1575 3207 aperui
1604 3115 1642 3187 in
1668 3136 1743 3211 pro

285 3224 529 3321 positionibus
560 3224 855 3317 praecedentibus
887 3248 955 3295 xm
988 3225 1024 3297 ἃ
1056 3248 1129 3309 xm,
1160 3226 1195 3297 in
1225 3225 1360 3321 quibus
1390 3227 1511 3300 etiam
1541 3228 1745 3304 resistentia

286 3342 485 3425 uniformis
512 3367 595 3435 quat
623 3341 737 3412 oritur
766 3366 812 3412 ex
833 3341 1028 3413 tenacitate
1060 3341 1170 3413 medii
1198 3341 1328 3436 provi
1356 3345 1561 3439 gravitatis
1579 3342 1743 3419 substitui

285 3472 416 3554 potest,
437 3454 496 3528 vel
517 3481 598 3527 cunr
618 3457 759 3544 cadem,
781 3473 821 3528 ut
839 3458 949 3551 prius,
970 3459 1149 3552 componi.
1204 3457 1280 3530 Sed
1300 3482 1467 3553 propero
1485 3462 1639 3539 adalia

814 3790 1079 3863 SECTIO
1127 3792 1215 3865 IV.

486 3990 546 4060 De
560 3999 751 4083 corporum
769 3989 947 4060 circzdori
963 3999 1060 4061 mom
1079 3990 1118 4061 r'n
1139 3991 1262 4063 mediis
1280 3992 1545 4073 resistentibus.

808 4306 1062 4378 LEMMA
1120 4308 1224 4383 111.

286 4503 349 4572 Sil
383 4502 459 4594 PQ
476 4505 509 4574 R
539 4504 691 4598 spiralis
719 4528 800 4597 quse
827 4515 912 4574 secet
938 4504 1061 4576 radios
1087 4478 1204 4577 orienes
1232 4504 1259 4576 S
1278 4504 1316 4590 P,
1347 4504 1444 4601 SQ,
1480 4511 1510 4585 S
1530 4514 1580 4603 R,
1613 4516 1684 4593 ὢν,
1709 4506 1742 4579 in

335 4636 534 4728 equalibus
550 4637 707 4731 ungulis.
762 4637 923 4731 Agatur
940 4647 1033 4708 recta
1056 4636 1126 4707 PT
1144 4662 1226 4733 quoe
1240 4647 1376 4733 tangat
1390 4642 1550 4719 eandem
1569 4648 1611 4721 in
1621 4648 1743 4745 puncta

334 4765 458 4858 quovit
479 4766 516 4849 P,
535 4777 684 4863 suesque
700 4767 850 4840 radium
878 4769 905 4841 S
923 4769 958 4861 Q
985 4769 1024 4840 in
1046 4768 1079 4839 T
1097 4794 1105 4853 ;
1134 4770 1182 4846 (ΕΤ
1198 4768 1251 4841 uel
1262 4768 1443 4861 spirulem
1464 4778 1598 4853 metis
1604 4785 1741 4875 perpet·
