1583 1669
428 322 438 340 5
443 323 465 335 10
650 318 683 332 DE
693 317 776 332 mmm
783 311 797 332 's
800 317 888 332 YSTEMA
891 317 920 332 re

424 366 491 384 ooelum
506 370 566 384 totum
580 366 621 384 luce
635 365 680 384 solis
694 366 805 384 illustratum
819 366 935 385 uniformiter
949 366 1052 390 splendeat.
1085 366 1160 391 Opinio

424 395 507 413 secunda
515 395 578 413 multis
590 395 680 419 premitur
692 395 836 413 difficultatibus.
864 395 936 414 Caudae
949 402 1044 420 nunquam
1058 396 1159 420 xariegan-

424 429 455 443 tur
463 425 567 443 coloribus:
581 425 612 449 qui
622 429 685 443 tamen
698 425 829 443 nefmetionurn
842 425 904 443 solent
916 431 959 446 esse
971 425 1049 443 comit&
1063 425 1161 449 insepara-

424 453 475 472 biles.
516 454 558 472 Lux
579 454 658 472 fixarum
676 453 695 472 &
712 454 827 478 planetarum
848 454 936 473 distincte
953 454 977 472 ad
996 460 1030 473 nos
1047 455 1161 473 transmissa

424 483 540 501 demonstrat
549 483 631 501 medium
644 483 720 501 coeleste
729 483 780 501 nulla
793 483 811 501 vi
827 483 924 502 refractim
937 483 1012 508 pollere.
1041 483 1092 502 Nam
1106 485 1160 508 quod

424 512 492 530 dicitur
512 512 559 530 fixas
576 512 601 530 ab
617 512 716 536 AEgypliis
730 517 813 531 comam
834 519 967 537 nonnunquam
985 513 1035 531 visas
1052 513 1116 534 fuisse,
1134 514 1161 535 id,

424 542 512 566 quoniam
531 542 623 560 rarissime
642 542 738 566 contingit,
756 542 885 560 ascribendum
903 546 932 561 est
953 542 1030 560 nubium
1051 542 1159 561 ren-actioni

424 571 510 589 fortuitas
539 571 627 589 Fixarum
636 577 711 595 quoque
721 571 799 589 radiatio
808 571 826 589 82
837 571 942 590 scintillatio
950 572 975 589 ad
984 571 1105 590 resmctiones
1119 576 1161 591 tum

424 600 520 618 oculorum
536 604 575 618 tum
589 600 637 618 afiris
653 600 726 618 tremuli
741 600 844 619 reserenda!
861 605 916 619 sunt:
935 601 1005 625 quippe
1018 607 1061 625 quae
1075 601 1160 620 admotis

424 629 479 648 oculo
486 629 591 653 telescopiis
597 634 717 648 evanescunt.
741 630 798 648 Aeris
805 630 823 648 &
829 630 970 648 ascendentium
977 637 1068 654 vaporum
1076 635 1160 650 tremore

424 659 450 681 fit,
460 663 481 677 ut
490 659 536 677 radii
545 658 598 677 facile
607 659 632 677 de
640 663 722 683 angusto
732 659 807 683 pupillae
819 659 880 683 spatio
893 665 927 683 per
940 659 990 677 viem
1003 659 1161 683 detorqueantur,

423 688 448 707 de
457 688 522 707 latiore
530 692 593 706 autern
607 688 649 706 vitri
662 688 750 713 objectivi
763 692 851 712 apertura
863 688 976 712 neutiquam
1005 688 1052 706 lnde
1065 693 1095 707 est
1106 690 1160 713 quod

423 717 529 736 scintillatio
543 717 561 735 in
576 717 631 741 priori
645 724 689 735 casu
703 721 808 742 generetur,
823 717 841 735 in
855 718 957 741 posteriore
971 722 1033 736 autem
1047 722 1123 737 cesset:
1142 719 1161 737 ἃ

423 747 503 766 cessatio
512 747 529 765 in
540 747 642 771 posteriore
650 753 694 765 casu
703 747 820 765 demonstrat
829 746 932 771 regularem
942 747 1103 766 transmissionem
1113 747 1161 766 lucis

423 783 457 800 per
470 776 528 795 coelos
543 776 583 794 sine
597 776 647 794 omni
660 776 768 794 refractione
781 775 869 794 sensibili.
903 776 976 800 Nequis
989 777 1093 795 contendat
1107 778 1160 801 quod

423 806 488 824 caudae
501 812 538 824 non
550 805 623 824 soleant
637 805 696 824 videri
712 805 730 823 in
744 805 827 827 cometis,
837 811 879 823 curn
892 811 957 823 eorum
971 804 1002 823 lux
1017 811 1054 823 non
1069 810 1099 824 est
1113 807 1160 825 satis

423 836 480 857 sortis,
490 836 534 860 quia
543 839 586 853 tunc
601 835 646 853 radii
661 834 764 853 secundarii
778 841 816 853 non
830 835 900 853 habent
913 835 959 853 satis
972 835 1038 853 virium
1053 835 1078 853 ad
1093 836 1160 854 oculos

424 865 533 887 movendos,
550 865 568 883 ἃ
585 869 684 889 propterea
701 864 770 883 caudas
785 864 863 882 fixarum
879 870 916 882 non
932 864 995 882 cerni:
1014 864 1115 883 sciendum
1131 870 1161 884 est

422 895 473 919 quod
489 894 520 912 lux
536 894 616 912 fixarum
632 894 674 918 plus
689 898 764 912 centum
779 894 851 912 vicibus
869 894 932 918 augeri
951 898 1012 917 potest
1028 894 1160 913 mediantibus

423 924 534 947 telescopiis,
550 930 584 942 nec
600 927 661 941 tamen
678 923 742 942 caudae
760 927 865 941 cernuntur.
901 922 1017 941 Planetzrurn
1032 930 1112 948 quoque
1128 925 1160 943 lux

423 953 515 978 copiosior
530 957 563 974 est,
573 953 637 971 caudae
651 959 696 971 vero
710 952 777 971 nullae:
797 957 874 971 cometae
889 957 952 971 autem
967 959 1017 976 saepe
1029 954 1160 973 caudatissimi

423 987 471 1004 sunt,
481 982 512 1001 ubi
522 982 603 1006 capitum
612 981 644 1000 lux
658 982 719 1000 tenuis
732 986 761 1001 est
774 981 793 1000 &
806 981 862 1000 valde
874 982 946 1000 obtusa.
973 982 1004 1000 Sic
1017 982 1070 1000 enim
1084 988 1161 1002 cometa

423 1012 465 1031 anni
479 1012 530 1032 1680.
541 1018 605 1029 mense
619 1012 718 1032 Deccmbri.
729 1018 767 1036 quo
781 1015 865 1035 tempore
879 1015 935 1035 caput
948 1011 988 1029 luce
1003 1017 1038 1029 sua
1052 1012 1085 1030 vix
1095 1019 1160 1037 aequa-

422 1042 454 1060 bat
465 1041 528 1059 stellas
540 1041 627 1059 secundae
639 1041 777 1065 magnitudinis
787 1041 865 1059 caudam
879 1040 976 1059 emittebat
988 1040 1092 1064 splendore
1107 1048 1160 1061 nota-

424 1071 455 1089 bili
465 1077 525 1095 usque
538 1070 562 1088 ad
577 1070 647 1094 gradus
659 1076 689 1093 40,
700 1075 728 1093 50,
738 1072 762 1088 60
776 1069 805 1088 vel
822 1075 845 1093 70
857 1069 977 1094 longitudinis
986 1069 1005 1087 ἃ
1016 1069 1079 1089 ultra:
1094 1076 1162 1095 postea

423 1101 471 1124 Jtm.
483 1106 505 1123 27
516 1100 534 1118 &
545 1100 568 1118 28
578 1103 634 1123 caput
647 1100 750 1124 apparebat
762 1103 782 1117 ut
794 1099 847 1117 stella
859 1099 944 1123 septimae
958 1103 1031 1117 tantum
1043 1102 1162 1125 magnitudi

422 1130 456 1152 nis,
477 1130 537 1148 cauda
555 1136 602 1148 vero
621 1129 662 1148 luce
682 1129 758 1153 quidem
779 1129 863 1153 pertenui
884 1129 918 1147 sed
936 1129 981 1147 satis
998 1130 1084 1148 sensibili
1104 1131 1163 1156 long-11

421 1164 461 1178 erat
479 1161 490 1177 6
508 1158 538 1177 vel
554 1165 564 1182 7
579 1159 653 1183 gradus,
670 1158 688 1177 8:
703 1158 744 1177 luce
759 1158 893 1179 obscurissima,
909 1164 952 1182 qure
965 1158 1015 1176 cerni
1034 1159 1068 1177 vix
1088 1167 1163 1184 posset,

423 1189 551 1213 porrigebatur
560 1188 584 1207 ad
593 1188 673 1213 gradum
683 1194 743 1212 usque
752 1188 882 1206 duodecimum
892 1188 921 1206 vel
931 1187 986 1212 paulo
995 1187 1044 1206 ultra
1054 1196 1058 1207 :
1073 1194 1095 1208 ut
1106 1198 1165 1216 supra

422 1219 494 1237 dictum
503 1223 535 1237 est.
563 1218 602 1236 Sed
612 1218 630 1236 ἃ
639 1218 680 1236 Feb.
691 1224 703 1241 9
712 1218 730 1236 δι
743 1224 764 1236 ιο
771 1218 802 1236 ubi
809 1222 864 1241 caput
874 1217 928 1236 nudis
935 1217 992 1235 oculis
1002 1218 1064 1237 videri
1072 1220 1166 1242 desierat.

423 1248 502 1266 caudam
519 1248 589 1272 gradus
608 1247 656 1265 duos
671 1246 746 1271 longam
764 1253 798 1271 per
808 1246 933 1270 ·telescopium
951 1247 1094 1271 contemplatus
1116 1258 1165 1271 sum,

424 1277 482 1295 Porro
491 1277 506 1295 si
516 1277 575 1294 cauda
583 1277 662 1295 oriretur
673 1282 697 1294 ex
711 1276 820 1294 refractione
834 1276 916 1294 materiae
929 1275 1014 1297 coelesfis,
1025 1276 1044 1295 ἃ
1055 1284 1094 1302 pro
1104 1280 1168 1306 figm-⁸⁴1

422 1306 510 1325 coelorum
524 1306 654 1324 deflecteretur
667 1306 691 1324 de
706 1305 750 1324 solis
764 1305 887 1329 oppositione,
901 1305 978 1323 deberet
995 1305 1082 1327 deflexio
1100 1310 1133 1329 illa
1149 1312 1168 1330 in

422 1335 487 1353 iisdem
496 1335 537 1353 coeli
548 1335 654 1359 regionibus
664 1335 681 1353 in
691 1335 770 1353 eandem
780 1341 855 1358 semper
863 1338 934 1359 partem
944 1334 987 1352 fieri.
1012 1335 1078 1361 Atqui
1089 1346 1169 1360 comem

422 1365 465 1382 anni
480 1365 527 1383 1680
539 1364 619 1383 Dccemb.
630 1365 653 1382 28
663 1364 708 1382 hora
719 1364 741 1384 8}
755 1370 798 1388 p.m.
809 1364 894 1382 Loudini
901 1364 1011 1382 versabatur
1024 1365 1043 1383 in
1058 1372 1074 1386 κ
1089 1370 1121 1387 ga
1132 1372 1169 1394 41'·

422 1400 463 1411 cum
473 1393 569 1412 latitudine
582 1393 651 1412 boreali
666 1394 704 1412 28¹¹·
716 1394 739 1416 6‘,
749 1393 788 1412 sole
801 1393 893 1412 existente
907 1393 925 1411 in
937 1397 951 1411 Η
966 1394 1004 1411 18³*
1016 1395 1053 1414 26'.
1094 1398 1123 1418 Et
1138 1408 1168 1420 co,
