4110 5782
719 460 1050 521 aooasuoros
1567 490 1606 536 21

157 677 308 749 gressus
326 651 362 724 81
381 652 540 748 impetus
558 654 691 749 quibus
710 680 863 751 corpora
880 680 921 727 se
939 672 1067 727 mutuo
1085 653 1228 727 feriunt.
1286 655 1389 754 Ergo
1406 684 1473 754 per
1490 658 1611 758 legem

164 792 201 838 11
225 767 387 864 aequales
404 784 513 841 erunt
529 795 793 868 congressuum
811 772 963 845 effectus
988 773 1023 843 in
1043 788 1200 868 utroque
1220 798 1328 859 casu;
1356 775 1392 847 δι
1416 794 1613 873 propterea

157 886 361 958 manebunt
395 901 517 959 motus
553 887 648 961 inter
681 915 722 961 se
757 890 793 960 in
825 914 899 961 uno
929 914 1015 961 casu
1047 887 1209 984 aequales
1246 891 1406 964 motibus
1442 893 1538 967 inter
1571 921 1613 969 se

157 1003 194 1073 in
221 1001 346 1076 altero.
404 1003 510 1076 ldem
528 1006 789 1100 comprobatur
809 1005 1064 1101 experimento
1082 1005 1276 1080 luculento.
1336 1009 1464 1083 Motus
1482 1037 1611 1086 omnes

156 1119 290 1192 eodem
322 1119 434 1193 modo
464 1146 505 1193 se
536 1120 674 1193 habent
705 1121 740 1192 in
773 1121 868 1203 navi,
900 1121 979 1194 sive
1014 1148 1059 1194 ea
1088 1124 1266 1218 'quiescat
1303 1125 1384 1198 sive
1419 1145 1612 1203 moveatur

156 1235 387 1310 uniformiter
405 1238 440 1309 in
459 1238 648 1311 directum.

554 1625 1072 1700 COROLLARIUM
1129 1627 1210 1699 Vl.

156 1820 206 1892 Si
228 1832 378 1918 corporo
404 1831 619 1896 moveantur
641 1822 951 1918 quomodocunque
974 1822 1133 1911 interro,
1159 1825 1208 1902 ὅ
1226 1850 1251 1896 o
1274 1825 1415 1901 viribus
1438 1832 1607 1903 accelero-

207 1957 359 2030 lricibus
385 1957 587 2054 equalibus
614 1955 807 2030 secuudum
837 1955 953 2029 lineos
972 1958 1182 2052 parallelas
1211 1970 1435 2056 urgeamur,-
1455 1973 1608 2061 pergem

205 2091 328 2163 omnio
357 2092 471 2165 eodem
501 2092 602 2164 modo
632 2090 769 2164 moveri
795 2090 894 2162 iulor
921 2116 964 2179 se,
995 2116 1038 2162 oc
1066 2091 1101 2163 si
1128 2093 1269 2166 viribus
1299 2094 1378 2166 illis
1403 2121 1474 2168 nou
1501 2106 1612 2170 essent

205 2224 369 2299 incitato.

223 2421 323 2495 Nam
358 2424 457 2498 vires
491 2422 562 2497 illae
596 2421 788 2518 aequaliter
823 2422 905 2517 (pro
935 2421 1202 2516 quantitatibus
1232 2423 1500 2497 movendorum
1531 2451 1608 2498 cor·

152 2541 299 2637 porum)
315 2541 351 2613 81
369 2542 571 2615 secundum
590 2538 705 2613 lineas
727 2537 918 2635 parallelas
935 2539 1091 2636 agendo,
1111 2564 1265 2634 corpora
1278 2540 1403 2614 omnia
1420 2541 1611 2638 aequaliter

155 2655 293 2753 (quoad
319 2656 567 2754 velocitatem)
612 2657 816 2730 movebunt
859 2682 925 2751 per
960 2655 1081 2753 legem
1125 2680 1176 2728 11.
1224 2656 1382 2753 ideoque
1420 2683 1608 2756 nunquam

153 2774 350 2846 mutabunt
367 2774 569 2870 positiones
588 2773 624 2846 81
642 2790 764 2846 motus
782 2799 909 2846 eorum
929 2774 1024 2846 inter
1040 2799 1089 2846 se.

781 3040 976 3112 Sclrolr'um.

223 3222 416 3295 Hactenus
443 3221 620 3317 principia
646 3220 779 3292 tradidi
806 3246 829 3292 a
855 3219 1122 3292 mathematicis
1150 3239 1297 3316 recepta
1321 3222 1608 3319 &experientia

150 3337 340 3435 multiplici
358 3337 581 3411 confirmata.
639 3337 711 3411 Per
735 3336 838 3434 leges
863 3336 956 3408 duas
982 3337 1120 3431 primas
1138 3337 1174 3409 δι
1192 3337 1380 3411 corollaria
1397 3340 1472 3414 duo
1490 3342 1608 3437 prima

155 3456 334 3529 Golilaeus
360 3456 501 3529 invenit
526 3455 745 3528 descensum
771 3453 941 3551 gravium
968 3478 1050 3526 esse
1077 3453 1113 3526 in
1140 3452 1325 3549 duplicata
1352 3457 1493 3530 ratione
1514 3474 1606 3532 tem-

151 3572 259 3668 poris,
304 3572 341 3645 8ι
384 3588 525 3644 motum
567 3568 810 3669 projectilium
848 3568 926 3641 fieri
966 3570 1001 3641 in
1041 3568 1235 3665 parabola;
1274 3573 1507 3667 conspirante
1544 3602 1606 3649 ex·

151 3689 339 3785 perientia‚
359 3689 428 3761 nisi
446 3704 628 3785 quatenus
647 3701 769 3760 motus
796 3684 844 3758 illi
871 3711 938 3781 per
963 3687 1058 3759 ae'ris
1077 3687 1321 3760 resistentiam
1339 3688 1605 3785 aliquantulum

151 3806 391 3880 retardantur.
459 3806 625 3902 Corpore
651 3804 806 3877 cadente
831 3804 996 3902 gravitas
1022 3803 1221 3890 uniformis
1249 3804 1403 3903 singulis
1429 3809 1606 3902 temporis

151 3920 336 4019 particulis
370 3921 573 4019 aequalibus
608 3919 799 4017 aequaliter
831 3921 979 4019 agendo
1018 3920 1193 4017 imprimit
1233 3922 1330 3994 vires
1367 3921 1530 4018 aequales
1568 3925 1604 3995 in

151 4064 283 4135 corpus
314 4038 412 4126 illud,
444 4039 481 4112 8ι
509 4038 724 4112 velocitates
754 4037 915 4135 aequales
945 4054 1123 4136 generat:
1159 4038 1196 4111 8ι
1227 4054 1392 4134 tempore
1421 4057 1499 4114 toto
1527 4042 1604 4114 vim

151 4172 266 4229 totam
284 4156 514 4252 imprimit&
534 4155 768 4229 velocitatem
790 4171 906 4229 totam
927 4171 1081 4252 generat
1103 4155 1258 4249 tempori
1280 4156 1601 4250 proportionalem.

152 4274 205 4346 Et
233 4274 353 4369 spatia
378 4274 605 4369 temporibus
632 4270 965 4369 proportionalibus
991 4272 1184 4365 descripta,
1211 4287 1298 4344 sunt
1323 4288 1364 4345 ut
1390 4272 1604 4349 velocitates

150 4391 187 4464 8ι
216 4407 384 4487 tempora
409 4391 651 4489 conjunctim;
684 4389 720 4461 id
747 4404 804 4461 est
832 4389 867 4460 in
894 4386 1080 4482 duplicata
1106 4388 1246 4460 ratione
1277 4403 1493 4484 temporum.
1550 4392 1604 4465 Et

149 4535 302 4605 corpore
332 4534 476 4581 sursum
509 4509 672 4606 projecto
696 4506 861 4604 gravitas
887 4504 1077 4578 uniformis
1104 4505 1201 4578 vires
1233 4505 1470 4601 imprimit&
1500 4507 1600 4583 velo-

148 4626 277 4698 citates
306 4624 426 4698 aufert
442 4624 669 4720 temporibus
696 4621 987 4718 proportionales
1001 4649 1010 4708 ;
1041 4647 1084 4695 ac
1110 4637 1278 4717 tempora
1303 4624 1526 4698 ascendendi
1553 4627 1601 4699 ad

148 4741 359 4815 altitudines
385 4767 549 4814 summas
574 4756 661 4813 sunt
684 4756 725 4813 ut
751 4738 964 4813 velocitates
989 4739 1209 4826 auferendae,
1235 4739 1270 4814 81
1297 4739 1508 4815 altitudines
1530 4741 1601 4816 illae

148 4874 234 4931 sunt
259 4875 300 4932 ut
325 4857 538 4933 velocitates
564 4883 607 4931 ac
634 4876 801 4954 tempora
827 4859 1058 4955 conjunctim,
1085 4883 1150 4931 seu
1179 4857 1214 4929 in
1245 4857 1429 4954 duplicata
1460 4861 1602 4934 ratione
