1583 1669
426 316 460 333 144
659 307 693 322 DE
706 299 775 321 More)
788 305 876 326 CORPOR
880 305 916 320 ΗΜ

422 359 461 382 PQ
467 359 487 378 R
496 357 589 377 versantia
599 356 696 375 tmhuntur
704 361 769 374 versus
778 358 867 379 punctum
878 354 898 375 C,
907 357 951 371 sunt
959 359 993 377 pru
1002 351 1073 370 ratione
1082 351 1152 369 distan-

423 389 489 407 tiarum
499 386 580 411 aequales
593 386 663 404 viribus
677 385 744 409 quibus
757 390 835 408 corpore
847 383 967 407 undiquaque
980 381 1077 400 trahuntur
1088 386 1154 399 versus

423 421 507 436 centrum
523 416 540 434 S
544 424 552 437 ,-
571 415 590 434 &
605 418 703 439 propterea
718 420 796 438 corpora
813 412 937 431 movebuntur
952 411 1018 429 iisdem
1034 410 1154 434 temporibus,

423 447 441 465 in
451 446 517 465 iisdem
526 445 594 470 figuris,
604 444 623 463 in
637 443 693 468 plano
706 443 773 468 quovis
787 442 855 465 PQR
869 442 916 460 circa
930 444 1019 465 punctum
1035 440 1055 463 C,
1064 443 1121 464 atque
1135 439 1154 457 in

430 927 495 952 spatiis
509 927 571 946 liberis
588 927 636 946 circa
653 930 737 945 centrum
752 926 769 944 S
773 934 780 948 ,¹
796 926 875 950 ideoque
891 925 932 950 (per
946 925 1001 944 corol.
1019 931 1028 943 2
1046 931 1098 949 prop.
1116 931 1130 943 κ
1145 924 1165 943 &

430 956 485 976 σοι-01,
498 963 507 975 2
520 963 571 981 prop.
582 956 664 980 xxxvm)
681 955 796 980 temporibus
808 961 883 979 semper
894 954 1002 979 aequalibus,
1011 953 1042 973 vel
1055 953 1166 972 describent

430 985 505 1010 ellipses
519 986 537 1004 in
551 985 606 1010 plano
621 984 652 1004 illo
667 985 715 1003 circa
730 988 813 1003 centrum
829 984 849 1006 C,
865 983 895 1002 vel
911 984 997 1008 periodos
1011 983 1102 1002 movendi
1115 983 1167 1002 ultro

431 1015 515 1039 citroque
522 1014 540 1033 in
549 1014 602 1033 lineis
611 1014 665 1033 rectis
674 1020 708 1038 per
716 1017 800 1032 centrum
810 1013 828 1032 C
834 1013 852 1031 in
862 1012 918 1037 plano
927 1012 958 1031 illo
965 1012 1026 1031 ductis
1035 1011 1165 1036 complebunt.

433 1044 456 1067 Q.
462 1044 486 1063 E.
492 1044 518 1062 D.

748 1096 846 1115 Scholium

460 1146 497 1164 His
510 1145 575 1164 affines
588 1149 632 1164 sunt
644 1151 731 1164 ascensus
744 1151 766 1164 ac
779 1145 879 1163 descensus
892 1151 990 1169 corporum
1002 1144 1021 1163 in
1030 1144 1170 1169 superficiebus

433 1175 500 1194 curvis.
527 1175 610 1199 Concipe
625 1174 683 1193 lineas
698 1180 764 1193 curvas
778 1174 797 1192 in
811 1174 866 1198 plano
879 1174 964 1197 describi,
978 1174 1022 1192 dein
1037 1174 1108 1193 circum
1122 1180 1171 1193 axes

434 1204 512 1228 quosvis
520 1204 574 1222 datos
581 1210 615 1227 per
621 1207 704 1222 centrum
711 1203 777 1221 virium
787 1207 903 1221 transeuntes
910 1203 986 1225 revolvi,
994 1203 1013 1221 ἃ
1019 1210 1043 1222 ea
1050 1203 1172 1222 revolutione

433 1233 541 1257 superficies
562 1239 628 1251 curvas
645 1232 759 1254 describere;
780 1236 819 1250 turn
836 1238 913 1256 corpora
931 1232 957 1250 ita
974 1232 1046 1251 moveri
1064 1236 1086 1251 ut
1103 1238 1172 1251 eorum

434 1265 498 1280 centra
514 1262 532 1280 in
546 1262 575 1280 his
590 1261 722 1285 superficiebus
739 1264 829 1285 perpetuo
846 1261 965 1285 reperiantur.
1001 1261 1023 1279 Si
1041 1267 1123 1286 corpora
1141 1261 1174 1280 illa

434 1290 510 1314 oblique
527 1290 645 1309 ascendendo
662 1290 681 1308 8:
698 1290 829 1308 descendendo
844 1293 918 1308 currant
935 1289 984 1308 ultro
996 1290 1094 1314 citroque;
1117 1297 1173 1315 pera-

435 1323 503 1343 gentur
515 1326 579 1338 eorum
595 1323 656 1338 motus
674 1319 692 1337 in
705 1318 764 1343 planis
778 1325 812 1343 per
825 1325 879 1337 axem
895 1319 1039 1341 transeuntibus,
1053 1315 1113 1344 atque
1129 1320 1174 1339 ideo

437 1348 456 1366 in
470 1348 523 1366 lineis
538 1349 604 1370 curvis,
617 1354 695 1372 quarum
711 1347 825 1366 revolutione
840 1354 902 1367 curvae
920 1348 956 1367 illae
973 1348 1084 1373 superficies
1101 1349 1175 1374 genioe

437 1380 485 1395 sunt
526 1377 569 1395 Istis
587 1377 643 1402 igitur
660 1377 678 1395 in
693 1377 766 1395 casibus
781 1377 848 1395 sufficit
865 1381 936 1396 moturn
952 1377 971 1396 in
989 1378 1019 1396 his
1036 1378 1093 1397 lineis
1110 1379 1175 1397 curvis

438 1405 559 1424 considemre.
