<?xml version="1.0" encoding="UTF-8"?>
<!DOCTYPE html PUBLIC "-//W3C//DTD XHTML 1.0 Transitional//EN"
    "http://www.w3.org/TR/xhtml1/DTD/xhtml1-transitional.dtd">
<html xmlns="http://www.w3.org/1999/xhtml" xml:lang="en" lang="en">
 <head>
  <title>
</title>
<meta http-equiv="Content-Type" content="text/html;charset=utf-8" />
  <meta name='ocr-system' content='tesseract 3.04.00' />
  <meta name='ocr-capabilities' content='ocr_page ocr_carea ocr_par ocr_line ocrx_word'/>
</head>
<body>
  <div class='ocr_page' id='page_1' title='image "./sirisaacnewtons01newtgoog_0400.png"; bbox 0 0 1583 1669; ppageno 0'>
   <div class='ocr_carea' id='block_1_1' title="bbox 700 216 1170 246">
    <p class='ocr_par' dir='ltr' id='par_1_1' title="bbox 700 216 1170 246">
     <span class='ocr_line' id='line_1_1' title="bbox 700 216 1170 246; baseline 0.011 -16"><span class='ocrx_word' id='word_1_1' title='bbox 700 216 771 231; x_wconf 81' lang='lat' dir='ltr'><em>LIBER</em></span> <span class='ocrx_word' id='word_1_2' title='bbox 782 216 907 232; x_wconf 85' lang='lat' dir='ltr'><em>SECUNDUS.</em></span> <span class='ocrx_word' id='word_1_3' title='bbox 1134 228 1170 246; x_wconf 78' lang='lat'>359</span> 
     </span>
    </p>
   </div>
   <div class='ocr_carea' id='block_1_2' title="bbox 482 283 1126 310">
    <p class='ocr_par' dir='ltr' id='par_1_2' title="bbox 482 283 1126 310">
     <span class='ocr_line' id='line_1_2' title="bbox 482 283 1126 310; baseline 0.014 -9"><span class='ocrx_word' id='word_1_4' title='bbox 482 283 669 302; x_wconf 81' lang='lat' dir='ltr'>PROPOSlTlo</span> <span class='ocrx_word' id='word_1_5' title='bbox 692 284 767 303; x_wconf 31' lang='lat' dir='ltr'>XLII*</span> <span class='ocrx_word' id='word_1_6' title='bbox 805 285 983 306; x_wconf 88' lang='lat' dir='ltr'>THEOREMA</span> <span class='ocrx_word' id='word_1_7' title='bbox 1007 288 1126 310; x_wconf 74' lang='lat' dir='ltr'>XXXIII,</span> 
     </span>
    </p>
   </div>
   <div class='ocr_carea' id='block_1_3' title="bbox 437 328 1167 383">
    <p class='ocr_par' dir='ltr' id='par_1_3' title="bbox 437 328 1167 383">
     <span class='ocr_line' id='line_1_3' title="bbox 437 328 1167 356; baseline 0.012 -10"><span class='ocrx_word' id='word_1_8' title='bbox 437 328 503 347; x_wconf 83' lang='lat' dir='ltr'>Motus</span> <span class='ocrx_word' id='word_1_9' title='bbox 519 328 578 347; x_wconf 80' lang='lat' dir='ltr'>omnis</span> <span class='ocrx_word' id='word_1_10' title='bbox 590 331 628 353; x_wconf 78' lang='lat' dir='ltr'>per</span> <span class='ocrx_word' id='word_1_11' title='bbox 642 329 722 349; x_wconf 75' lang='lat' dir='ltr'>fluidum</span> <span class='ocrx_word' id='word_1_12' title='bbox 735 332 851 354; x_wconf 77' lang='lat' dir='ltr'>propagatus</span> <span class='ocrx_word' id='word_1_13' title='bbox 864 331 945 356; x_wconf 72' lang='lat' dir='ltr'>divergit</span> <span class='ocrx_word' id='word_1_14' title='bbox 960 339 972 350; x_wconf 87' lang='lat' dir='ltr'><em>a</em></span> <span class='ocrx_word' id='word_1_15' title='bbox 989 336 1036 352; x_wconf 78' lang='lat' dir='ltr'><em>recto</em></span> <span class='ocrx_word' id='word_1_16' title='bbox 1056 336 1131 354; x_wconf 68' lang='lat' dir='ltr'>tramite</span> <span class='ocrx_word' id='word_1_17' title='bbox 1147 337 1167 355; x_wconf 77' lang='lat' dir='ltr'>in</span> 
     </span>
     <span class='ocr_line' id='line_1_4' title="bbox 723 359 877 383; baseline 0.006 -6"><span class='ocrx_word' id='word_1_18' title='bbox 723 359 784 383; x_wconf 84' lang='lat' dir='ltr'>spatia</span> <span class='ocrx_word' id='word_1_19' title='bbox 798 359 877 378; x_wconf 81' lang='lat' dir='ltr'>immota.</span> 
     </span>
    </p>
   </div>
   <div class='ocr_carea' id='block_1_4' title="bbox 435 407 1166 550">
    <p class='ocr_par' dir='ltr' id='par_1_4' title="bbox 435 407 1166 550">
     <span class='ocr_line' id='line_1_5' title="bbox 472 407 1166 439; baseline 0.009 -14"><span class='ocrx_word' id='word_1_20' title='bbox 472 407 512 425; x_wconf 83' lang='lat' dir='ltr'>Cas.</span> <span class='ocrx_word' id='word_1_21' title='bbox 525 413 539 425; x_wconf 86' lang='lat'>1.</span> <span class='ocrx_word' id='word_1_22' title='bbox 556 407 671 432; x_wconf 74' lang='lat' dir='ltr'>propagetur</span> <span class='ocrx_word' id='word_1_23' title='bbox 684 411 745 426; x_wconf 86' lang='lat' dir='ltr'>motus</span> <span class='ocrx_word' id='word_1_24' title='bbox 758 415 770 426; x_wconf 83' lang='lat' dir='ltr'>a</span> <span class='ocrx_word' id='word_1_25' title='bbox 782 413 852 432; x_wconf 83' lang='lat' dir='ltr'>puncto</span> <span class='ocrx_word' id='word_1_26' title='bbox 862 410 883 428; x_wconf 90' lang='lat' dir='ltr'><em>A</em></span> <span class='ocrx_word' id='word_1_27' title='bbox 893 416 927 434; x_wconf 84' lang='lat' dir='ltr'>per</span> <span class='ocrx_word' id='word_1_28' title='bbox 940 410 1023 430; x_wconf 78' lang='lat' dir='ltr'>foramen</span> <span class='ocrx_word' id='word_1_29' title='bbox 1036 412 1082 435; x_wconf 80' lang='lat' dir='ltr'>BC,</span> <span class='ocrx_word' id='word_1_30' title='bbox 1092 419 1166 439; x_wconf 77' lang='lat' dir='ltr'>pergat-</span> 
     </span>
     <span class='ocr_line' id='line_1_6' title="bbox 436 436 1166 463; baseline 0.014 -10"><span class='ocrx_word' id='word_1_31' title='bbox 436 442 478 460; x_wconf 73' lang='lat' dir='ltr'>que,</span> <span class='ocrx_word' id='word_1_32' title='bbox 487 436 502 454; x_wconf 88' lang='lat' dir='ltr'>si</span> <span class='ocrx_word' id='word_1_33' title='bbox 512 436 551 454; x_wconf 82' lang='lat' dir='ltr'>fieri</span> <span class='ocrx_word' id='word_1_34' title='bbox 560 440 626 460; x_wconf 83' lang='lat' dir='ltr'>potest,</span> <span class='ocrx_word' id='word_1_35' title='bbox 636 437 655 455; x_wconf 86' lang='lat' dir='ltr'>in</span> <span class='ocrx_word' id='word_1_36' title='bbox 669 437 729 461; x_wconf 75' lang='lat' dir='ltr'>spatio</span> <span class='ocrx_word' id='word_1_37' title='bbox 742 438 807 456; x_wconf 74' lang='lat' dir='ltr'>conica</span> <span class='ocrx_word' id='word_1_38' title='bbox 819 438 839 456; x_wconf 89' lang='lat' dir='ltr'><em>B</em></span> <span class='ocrx_word' id='word_1_39' title='bbox 845 438 863 457; x_wconf 85' lang='lat' dir='ltr'><em>C</em></span> <span class='ocrx_word' id='word_1_40' title='bbox 867 439 910 461; x_wconf 82' lang='lat' dir='ltr'>QP</span> <span class='ocrx_word' id='word_1_41' title='bbox 922 440 1024 459; x_wconf 78' lang='lat' dir='ltr'>seeundum</span> <span class='ocrx_word' id='word_1_42' title='bbox 1037 441 1095 461; x_wconf 82' lang='lat' dir='ltr'>lineas</span> <span class='ocrx_word' id='word_1_43' title='bbox 1106 448 1166 463; x_wconf 82' lang='lat' dir='ltr'>rectas</span> 
     </span>
     <span class='ocr_line' id='line_1_7' title="bbox 435 465 1166 493; baseline 0.014 -10"><span class='ocrx_word' id='word_1_44' title='bbox 435 465 554 490; x_wconf 61' lang='lat' dir='ltr'>divergentae</span> <span class='ocrx_word' id='word_1_45' title='bbox 567 472 579 484; x_wconf 86' lang='lat' dir='ltr'>a</span> <span class='ocrx_word' id='word_1_46' title='bbox 592 470 661 490; x_wconf 78' lang='lat' dir='ltr'>punem</span> <span class='ocrx_word' id='word_1_47' title='bbox 676 467 703 485; x_wconf 88' lang='lat' dir='ltr'>A.</span> <span class='ocrx_word' id='word_1_48' title='bbox 731 466 758 485; x_wconf 78' lang='lat' dir='ltr'>Et</span> <span class='ocrx_word' id='word_1_49' title='bbox 771 473 863 491; x_wconf 78' lang='lat' dir='ltr'>ponamus</span> <span class='ocrx_word' id='word_1_50' title='bbox 876 468 937 492; x_wconf 83' lang='lat' dir='ltr'>primo</span> <span class='ocrx_word' id='word_1_51' title='bbox 952 470 1002 493; x_wconf 90' lang='lat' dir='ltr'>quod</span> <span class='ocrx_word' id='word_1_52' title='bbox 1016 475 1078 490; x_wconf 85' lang='lat' dir='ltr'>motus</span> <span class='ocrx_word' id='word_1_53' title='bbox 1092 472 1127 492; x_wconf 85' lang='lat' dir='ltr'>iste</span> <span class='ocrx_word' id='word_1_54' title='bbox 1142 474 1166 493; x_wconf 91' lang='lat' dir='ltr'>sit</span> 
     </span>
     <span class='ocr_line' id='line_1_8' title="bbox 435 495 1165 525; baseline 0.012 -13"><span class='ocrx_word' id='word_1_55' title='bbox 435 495 527 513; x_wconf 80' lang='lat' dir='ltr'>undarum</span> <span class='ocrx_word' id='word_1_56' title='bbox 545 495 563 513; x_wconf 90' lang='lat' dir='ltr'>in</span> <span class='ocrx_word' id='word_1_57' title='bbox 579 495 676 519; x_wconf 83' lang='lat' dir='ltr'>superficie</span> <span class='ocrx_word' id='word_1_58' title='bbox 691 496 795 520; x_wconf 81' lang='lat' dir='ltr'>stagnantis</span> <span class='ocrx_word' id='word_1_59' title='bbox 812 503 870 521; x_wconf 76' lang='lat' dir='ltr'>aquae.</span> <span class='ocrx_word' id='word_1_60' title='bbox 905 498 985 523; x_wconf 88' lang='lat' dir='ltr'>Sintque</span> <span class='ocrx_word' id='word_1_61' title='bbox 998 500 1028 522; x_wconf 79' lang='lat' dir='ltr'>de.</span> <span class='ocrx_word' id='word_1_62' title='bbox 1038 500 1076 525; x_wconf 77' lang='lat' dir='ltr'>fg,</span> <span class='ocrx_word' id='word_1_63' title='bbox 1089 502 1119 525; x_wconf 70' lang='lat' dir='ltr'>hi,</span> <span class='ocrx_word' id='word_1_64' title='bbox 1135 503 1165 525; x_wconf 75' lang='lat' dir='ltr'>kl,</span> 
     </span>
     <span class='ocr_line' id='line_1_9' title="bbox 435 524 1164 550; baseline 0.011 -8"><span class='ocrx_word' id='word_1_65' title='bbox 435 524 468 543; x_wconf 62' lang='lat' dir='ltr'>&amp;a</span> <span class='ocrx_word' id='word_1_66' title='bbox 484 524 575 543; x_wconf 81' lang='lat' dir='ltr'>undarum</span> <span class='ocrx_word' id='word_1_67' title='bbox 593 524 706 549; x_wconf 82' lang='lat' dir='ltr'>singularum</span> <span class='ocrx_word' id='word_1_68' title='bbox 724 529 786 549; x_wconf 80' lang='lat' dir='ltr'>partes</span> <span class='ocrx_word' id='word_1_69' title='bbox 803 525 902 548; x_wconf 67' lang='lat' dir='ltr'>altissimae,</span> <span class='ocrx_word' id='word_1_70' title='bbox 919 527 998 547; x_wconf 79' lang='lat' dir='ltr'>vallibus</span> <span class='ocrx_word' id='word_1_71' title='bbox 1014 529 1091 548; x_wconf 84' lang='lat' dir='ltr'>totidem</span> <span class='ocrx_word' id='word_1_72' title='bbox 1109 531 1164 550; x_wconf 81' lang='lat' dir='ltr'>inter-</span> 
     </span>
    </p>
   </div>
   <div class='ocr_carea' id='block_1_5' title="bbox 555 829 1090 848">
    <p class='ocr_par' dir='ltr' id='par_1_5' title="bbox 555 829 1090 848">
     <span class='ocr_line' id='line_1_10' title="bbox 555 829 1090 848; baseline 0 0"><span class='ocrx_word' id='word_1_73' title='bbox 555 829 1090 848; x_wconf 95' lang='lat' dir='ltr'> </span> 
     </span>
    </p>
   </div>
   <div class='ocr_carea' id='block_1_6' title="bbox 555 829 1090 848">
    <p class='ocr_par' dir='ltr' id='par_1_6' title="bbox 555 829 1090 848">
     <span class='ocr_line' id='line_1_11' title="bbox 555 829 1090 848; baseline 0 0"><span class='ocrx_word' id='word_1_74' title='bbox 555 829 1090 848; x_wconf 95' lang='lat' dir='ltr'> </span> 
     </span>
    </p>
   </div>
   <div class='ocr_carea' id='block_1_7' title="bbox 555 829 1090 848">
    <p class='ocr_par' dir='ltr' id='par_1_7' title="bbox 555 829 1090 848">
     <span class='ocr_line' id='line_1_12' title="bbox 555 829 1090 848; baseline 0 0"><span class='ocrx_word' id='word_1_75' title='bbox 555 829 1090 848; x_wconf 95' lang='lat' dir='ltr'> </span> 
     </span>
    </p>
   </div>
   <div class='ocr_carea' id='block_1_8' title="bbox 555 832 1090 846">
    <p class='ocr_par' dir='ltr' id='par_1_8' title="bbox 555 832 1090 846">
     <span class='ocr_line' id='line_1_13' title="bbox 555 832 1090 846; baseline 0 0"><span class='ocrx_word' id='word_1_76' title='bbox 555 832 1090 846; x_wconf 95' lang='lat' dir='ltr'> </span> 
     </span>
    </p>
   </div>
   <div class='ocr_carea' id='block_1_9' title="bbox 555 833 1090 848">
    <p class='ocr_par' dir='ltr' id='par_1_9' title="bbox 555 833 1090 848">
     <span class='ocr_line' id='line_1_14' title="bbox 555 833 1090 848; baseline 0 0"><span class='ocrx_word' id='word_1_77' title='bbox 555 833 1090 848; x_wconf 95' lang='lat' dir='ltr'> </span> 
     </span>
    </p>
   </div>
   <div class='ocr_carea' id='block_1_10' title="bbox 555 835 1090 847">
    <p class='ocr_par' dir='ltr' id='par_1_10' title="bbox 555 835 1090 847">
     <span class='ocr_line' id='line_1_15' title="bbox 555 835 1090 847; baseline 0 0"><span class='ocrx_word' id='word_1_78' title='bbox 555 835 1090 847; x_wconf 95' lang='lat' dir='ltr'> </span> 
     </span>
    </p>
   </div>
   <div class='ocr_carea' id='block_1_11' title="bbox 447 577 1146 1118">
    <p class='ocr_par' dir='ltr' id='par_1_11' title="bbox 447 577 1146 1118">
     <span class='ocr_line' id='line_1_16' title="bbox 447 577 1146 1118; baseline 0 551"><span class='ocrx_word' id='word_1_79' title='bbox 447 577 1146 1118; x_wconf 95' lang='lat' dir='ltr'> </span> 
     </span>
    </p>
   </div>
   <div class='ocr_carea' id='block_1_12' title="bbox 424 1151 1158 1354">
    <p class='ocr_par' dir='ltr' id='par_1_12' title="bbox 424 1151 1158 1354">
     <span class='ocr_line' id='line_1_17' title="bbox 428 1151 1157 1177; baseline 0 -5"><span class='ocrx_word' id='word_1_80' title='bbox 428 1153 494 1172; x_wconf 86' lang='lat' dir='ltr'>mediis</span> <span class='ocrx_word' id='word_1_81' title='bbox 511 1153 535 1171; x_wconf 80' lang='lat' dir='ltr'>ab</span> <span class='ocrx_word' id='word_1_82' title='bbox 553 1153 632 1171; x_wconf 77' lang='lat' dir='ltr'>invicem</span> <span class='ocrx_word' id='word_1_83' title='bbox 650 1152 746 1170; x_wconf 74' lang='lat' dir='ltr'>distinctae.</span> <span class='ocrx_word' id='word_1_84' title='bbox 784 1151 843 1176; x_wconf 82' lang='lat' dir='ltr'>Igitur</span> <span class='ocrx_word' id='word_1_85' title='bbox 860 1153 948 1176; x_wconf 79' lang='lat' dir='ltr'>quoniam</span> <span class='ocrx_word' id='word_1_86' title='bbox 966 1159 1015 1177; x_wconf 78' lang='lat' dir='ltr'>aqua</span> <span class='ocrx_word' id='word_1_87' title='bbox 1030 1153 1048 1171; x_wconf 90' lang='lat' dir='ltr'>in</span> <span class='ocrx_word' id='word_1_88' title='bbox 1066 1153 1157 1172; x_wconf 81' lang='lat' dir='ltr'>undarum</span> 
     </span>
     <span class='ocr_line' id='line_1_18' title="bbox 427 1180 1158 1208; baseline 0.001 -7"><span class='ocrx_word' id='word_1_89' title='bbox 427 1183 476 1208; x_wconf 80' lang='lat' dir='ltr'>iugis</span> <span class='ocrx_word' id='word_1_90' title='bbox 489 1182 544 1201; x_wconf 79' lang='lat' dir='ltr'>altior</span> <span class='ocrx_word' id='word_1_91' title='bbox 559 1186 588 1201; x_wconf 53' lang='lat' dir='ltr'>est</span> <span class='ocrx_word' id='word_1_92' title='bbox 603 1188 659 1206; x_wconf 83' lang='lat' dir='ltr'>quam</span> <span class='ocrx_word' id='word_1_93' title='bbox 674 1181 691 1199; x_wconf 88' lang='lat' dir='ltr'>in</span> <span class='ocrx_word' id='word_1_94' title='bbox 706 1180 757 1199; x_wconf 85' lang='lat' dir='ltr'>fluidi</span> <span class='ocrx_word' id='word_1_95' title='bbox 772 1181 855 1205; x_wconf 83' lang='lat' dir='ltr'>partibus</span> <span class='ocrx_word' id='word_1_96' title='bbox 869 1181 950 1200; x_wconf 83' lang='lat' dir='ltr'>immotis</span> <span class='ocrx_word' id='word_1_97' title='bbox 963 1182 1014 1204; x_wconf 86' lang='lat' dir='ltr'>LK,</span> <span class='ocrx_word' id='word_1_98' title='bbox 1023 1182 1048 1200; x_wconf 90' lang='lat' dir='ltr'><em>N</em></span> <span class='ocrx_word' id='word_1_99' title='bbox 1055 1182 1077 1204; x_wconf 90' lang='lat'>0,</span> <span class='ocrx_word' id='word_1_100' title='bbox 1088 1182 1158 1202; x_wconf 81' lang='lat' dir='ltr'>defluet</span> 
     </span>
     <span class='ocr_line' id='line_1_19' title="bbox 426 1210 1157 1237; baseline 0 -6"><span class='ocrx_word' id='word_1_101' title='bbox 426 1213 492 1231; x_wconf 83' lang='lat' dir='ltr'>eadem</span> <span class='ocrx_word' id='word_1_102' title='bbox 501 1212 526 1231; x_wconf 83' lang='lat' dir='ltr'>de</span> <span class='ocrx_word' id='word_1_103' title='bbox 532 1212 620 1237; x_wconf 84' lang='lat' dir='ltr'>jugorum</span> <span class='ocrx_word' id='word_1_104' title='bbox 635 1210 718 1229; x_wconf 74' lang='lat' dir='ltr'>terminis</span> <span class='ocrx_word' id='word_1_105' title='bbox 732 1216 745 1231; x_wconf 77' lang='lat' dir='ltr'>e,</span> <span class='ocrx_word' id='word_1_106' title='bbox 755 1217 775 1234; x_wconf 72' lang='lat' dir='ltr'>g,</span> <span class='ocrx_word' id='word_1_107' title='bbox 789 1210 801 1232; x_wconf 74' lang='grc' dir='ltr'>ι’,</span> <span class='ocrx_word' id='word_1_108' title='bbox 815 1210 827 1232; x_wconf 90' lang='lat' dir='ltr'>l,</span> <span class='ocrx_word' id='word_1_109' title='bbox 843 1210 876 1229; x_wconf 64' lang='lat' dir='ltr'>&amp;e</span> <span class='ocrx_word' id='word_1_110' title='bbox 887 1211 904 1232; x_wconf 81' lang='lat' dir='ltr'>d,</span> <span class='ocrx_word' id='word_1_111' title='bbox 912 1211 933 1235; x_wconf 66' lang='lat' dir='ltr'><em>fi</em></span> <span class='ocrx_word' id='word_1_112' title='bbox 945 1211 962 1232; x_wconf 76' lang='lat' dir='ltr'>lt,</span> <span class='ocrx_word' id='word_1_113' title='bbox 976 1212 992 1233; x_wconf 77' lang='lat' dir='ltr'>k,</span> <span class='ocrx_word' id='word_1_114' title='bbox 1007 1211 1039 1230; x_wconf 66' lang='lat' dir='ltr'>&amp;Q</span> <span class='ocrx_word' id='word_1_115' title='bbox 1056 1212 1098 1230; x_wconf 85' lang='lat' dir='ltr'>hine</span> <span class='ocrx_word' id='word_1_116' title='bbox 1114 1212 1157 1231; x_wconf 84' lang='lat' dir='ltr'>inde</span> 
     </span>
     <span class='ocr_line' id='line_1_20' title="bbox 426 1240 1158 1265; baseline 0.001 -5"><span class='ocrx_word' id='word_1_117' title='bbox 426 1248 492 1260; x_wconf 84' lang='lat' dir='ltr'>versus</span> <span class='ocrx_word' id='word_1_118' title='bbox 501 1241 547 1259; x_wconf 88' lang='lat' dir='ltr'>KL</span> <span class='ocrx_word' id='word_1_119' title='bbox 558 1241 576 1259; x_wconf 72' lang='grc' dir='ltr'>δι</span> <span class='ocrx_word' id='word_1_120' title='bbox 586 1241 644 1259; x_wconf 87' lang='lat' dir='ltr'>NO:</span> <span class='ocrx_word' id='word_1_121' title='bbox 658 1240 676 1258; x_wconf 85' lang='lat'>&amp;</span> <span class='ocrx_word' id='word_1_122' title='bbox 689 1240 776 1264; x_wconf 81' lang='lat' dir='ltr'>quoniam</span> <span class='ocrx_word' id='word_1_123' title='bbox 791 1240 809 1258; x_wconf 86' lang='lat' dir='ltr'>in</span> <span class='ocrx_word' id='word_1_124' title='bbox 823 1240 914 1258; x_wconf 80' lang='lat' dir='ltr'>undarum</span> <span class='ocrx_word' id='word_1_125' title='bbox 927 1240 1006 1259; x_wconf 81' lang='lat' dir='ltr'>vallibus</span> <span class='ocrx_word' id='word_1_126' title='bbox 1015 1241 1121 1265; x_wconf 81' lang='lat' dir='ltr'>depressior</span> <span class='ocrx_word' id='word_1_127' title='bbox 1129 1247 1158 1261; x_wconf 81' lang='lat' dir='ltr'>est</span> 
     </span>
     <span class='ocr_line' id='line_1_21' title="bbox 425 1269 1157 1295; baseline 0 -6"><span class='ocrx_word' id='word_1_128' title='bbox 425 1277 482 1295; x_wconf 81' lang='lat' dir='ltr'>quam</span> <span class='ocrx_word' id='word_1_129' title='bbox 492 1271 510 1289; x_wconf 91' lang='lat' dir='ltr'>in</span> <span class='ocrx_word' id='word_1_130' title='bbox 519 1271 571 1289; x_wconf 83' lang='lat' dir='ltr'>fluidi</span> <span class='ocrx_word' id='word_1_131' title='bbox 587 1270 670 1295; x_wconf 86' lang='lat' dir='ltr'>partibus</span> <span class='ocrx_word' id='word_1_132' title='bbox 684 1269 764 1287; x_wconf 81' lang='lat' dir='ltr'>immotis</span> <span class='ocrx_word' id='word_1_133' title='bbox 779 1269 829 1290; x_wconf 84' lang='lat' dir='ltr'>KL,</span> <span class='ocrx_word' id='word_1_134' title='bbox 837 1270 862 1287; x_wconf 90' lang='grc' dir='ltr'><em>Ν</em></span> <span class='ocrx_word' id='word_1_135' title='bbox 867 1270 896 1290; x_wconf 86' lang='grc'>0,·</span> <span class='ocrx_word' id='word_1_136' title='bbox 909 1269 978 1288; x_wconf 80' lang='lat' dir='ltr'>defluet</span> <span class='ocrx_word' id='word_1_137' title='bbox 990 1270 1056 1288; x_wconf 79' lang='lat' dir='ltr'>eadem</span> <span class='ocrx_word' id='word_1_138' title='bbox 1068 1271 1092 1289; x_wconf 84' lang='lat' dir='ltr'>de</span> <span class='ocrx_word' id='word_1_139' title='bbox 1101 1271 1157 1295; x_wconf 81' lang='lat' dir='ltr'>parti-</span> 
     </span>
     <span class='ocr_line' id='line_1_22' title="bbox 424 1298 1156 1325; baseline 0 -6"><span class='ocrx_word' id='word_1_140' title='bbox 424 1301 460 1319; x_wconf 90' lang='lat' dir='ltr'>bus</span> <span class='ocrx_word' id='word_1_141' title='bbox 470 1300 505 1318; x_wconf 92' lang='lat' dir='ltr'>illis</span> <span class='ocrx_word' id='word_1_142' title='bbox 514 1300 595 1318; x_wconf 85' lang='lat' dir='ltr'>immotis</span> <span class='ocrx_word' id='word_1_143' title='bbox 607 1300 625 1318; x_wconf 88' lang='lat' dir='ltr'>in</span> <span class='ocrx_word' id='word_1_144' title='bbox 642 1299 732 1317; x_wconf 81' lang='lat' dir='ltr'>undarum</span> <span class='ocrx_word' id='word_1_145' title='bbox 746 1298 809 1317; x_wconf 61' lang='lat' dir='ltr'>valles</span> <span class='ocrx_word' id='word_1_146' title='bbox 838 1299 919 1317; x_wconf 83' lang='lat' dir='ltr'>Defluxu</span> <span class='ocrx_word' id='word_1_147' title='bbox 933 1299 995 1323; x_wconf 80' lang='lat' dir='ltr'>priore</span> <span class='ocrx_word' id='word_1_148' title='bbox 1007 1300 1098 1318; x_wconf 81' lang='lat' dir='ltr'>undarum</span> <span class='ocrx_word' id='word_1_149' title='bbox 1105 1301 1156 1325; x_wconf 74' lang='lat' dir='ltr'>juga,</span> 
     </span>
     <span class='ocr_line' id='line_1_23' title="bbox 425 1327 1156 1354; baseline -0.001 -6"><span class='ocrx_word' id='word_1_150' title='bbox 425 1329 527 1354; x_wconf 81' lang='lat' dir='ltr'>posteriore</span> <span class='ocrx_word' id='word_1_151' title='bbox 536 1328 594 1347; x_wconf 79' lang='lat' dir='ltr'>valles</span> <span class='ocrx_word' id='word_1_152' title='bbox 606 1328 649 1346; x_wconf 88' lang='lat' dir='ltr'>hinc</span> <span class='ocrx_word' id='word_1_153' title='bbox 663 1328 707 1346; x_wconf 83' lang='lat' dir='ltr'>inde</span> <span class='ocrx_word' id='word_1_154' title='bbox 720 1327 821 1346; x_wconf 68' lang='lat' dir='ltr'>dilaoentur</span> <span class='ocrx_word' id='word_1_155' title='bbox 830 1327 847 1346; x_wconf 83' lang='grc' dir='ltr'>8ι</span> <span class='ocrx_word' id='word_1_156' title='bbox 861 1332 988 1353; x_wconf 73' lang='lat' dir='ltr'>propagantur</span> <span class='ocrx_word' id='word_1_157' title='bbox 1003 1335 1068 1347; x_wconf 82' lang='lat' dir='ltr'>versus</span> <span class='ocrx_word' id='word_1_158' title='bbox 1083 1329 1107 1347; x_wconf 92' lang='lat' dir='ltr'><em>K</em></span> <span class='ocrx_word' id='word_1_159' title='bbox 1110 1329 1127 1347; x_wconf 87' lang='lat' dir='ltr'><em>L</em></span> <span class='ocrx_word' id='word_1_160' title='bbox 1138 1330 1156 1347; x_wconf 70' lang='grc' dir='ltr'>δι</span> 
     </span>
    </p>
   </div>
  </div>
 </body>
</html>
