4110 5782
411 458 483 547 380
884 456 957 512 JJE
977 457 1113 514 Moru
1133 457 1310 516 corpore
1317 458 1388 515 rur

410 651 601 723 materiam
637 650 795 723 vorticis,
866 650 957 722 Sine
993 649 1054 721 tali
1091 651 1270 745 principio
1305 676 1457 724 necesse
1491 668 1548 724 est
1583 668 1624 725 ut
1656 653 1791 752 globus
1828 657 1864 730 81

409 767 559 839 vorticis
577 781 701 861 partes
720 767 920 851 interiores
940 783 1189 863 propagantes
1203 792 1350 862 semper
1367 783 1508 840 motum
1523 795 1630 841 suum
1651 771 1687 841 in
1705 772 1863 845 exterio-

409 908 477 969 res,
511 909 632 979 neque
664 909 801 957 novurn
829 883 989 980 aliquem
1021 901 1162 957 motum
1190 886 1417 980 recipientes,
1446 886 1655 959 tardescant
1686 887 1864 983 paulatim

410 999 446 1072 8ι
465 1001 501 1072 in
519 1001 647 1072 orbem
666 1001 726 1096 agi
745 1000 926 1072 desinant.

478 1118 595 1192 Corol.
619 1140 649 1210 5.
679 1118 720 1189 Si
737 1116 872 1215 globus
898 1116 991 1190 alter
1016 1119 1100 1191 huic
1126 1120 1255 1192 vortici
1282 1120 1330 1191 ad
1358 1136 1495 1192 certam
1522 1122 1569 1193 ab
1596 1123 1710 1217 ipsius
1737 1139 1865 1198 centro

408 1236 620 1308 distantiam
657 1236 849 1323 innataret,
886 1234 922 1307 dc
956 1235 1098 1308 interea
1133 1237 1227 1308 circa
1261 1263 1369 1308 axem
1402 1237 1635 1311 inclinatione
1666 1239 1794 1312 datum
1825 1242 1864 1313 vi

408 1352 532 1449 aliqua
567 1368 779 1425 constanter
813 1349 1085 1438 revolveretur;
1130 1353 1238 1448 hujus
1273 1369 1376 1426 motu
1414 1371 1603 1450 raperetur
1638 1356 1790 1429 fluidum
1826 1358 1863 1430 in

408 1475 610 1549 vorticem:
651 1472 687 1544 &
717 1473 836 1567 primo
865 1467 1117 1543 revolveretur
1147 1471 1204 1542 hic
1235 1489 1366 1544 vortex
1394 1496 1512 1545 novus
1544 1473 1580 1544 81
1610 1475 1766 1570 exiguus
1790 1499 1865 1547 una

409 1616 492 1664 cum
521 1589 635 1688 globo
670 1590 764 1661 circa
799 1605 964 1661 centrum
991 1584 1151 1676 alterius
1182 1588 1218 1661 ἃ
1246 1588 1385 1660 interea
1416 1586 1523 1661 latius
1554 1606 1719 1684 serperet
1749 1590 1865 1685 ipsius

409 1721 540 1791 motuS,
569 1706 605 1779 ἃ
640 1703 816 1800 paulatim
851 1720 1119 1802 propagaretur
1153 1707 1189 1777 in
1226 1705 1417 1791 infinitum,
1445 1706 1493 1777 ad
1528 1706 1680 1779 modum
1715 1707 1865 1780 vorticis

409 1823 526 1918 primi.
584 1822 636 1893 Et
654 1822 785 1894 eadem
804 1822 956 1910 ratione,
976 1847 1050 1917 qua
1077 1823 1185 1919 hujus
1210 1821 1344 1919 globus
1373 1838 1562 1917 raperetur
1587 1839 1689 1895 motu
1714 1825 1864 1896 vorticis

409 1939 568 2022 alterius
588 1953 778 2033 raperetur
795 1938 905 2009 etiarn
932 1936 1065 2035 globus
1092 1937 1240 2012 alterius
1267 1955 1369 2011 motu
1389 1939 1506 2035 hujus,
1526 1940 1578 2011 sic
1595 1955 1636 2010 ut
1660 1938 1761 2036 globi
1788 1941 1864 2014 duo
1906 2011 1908 2016 ,

408 2058 503 2130 circa
530 2056 788 2128 intermedium
815 2053 965 2149 aliquod
995 2071 1172 2150 punctum
1199 2053 1486 2140 revolverentur,
1518 2080 1633 2150 seque
1660 2070 1788 2129 mutuo
1814 2058 1864 2129 ob

409 2190 550 2247 motum
586 2170 686 2244 illum
722 2169 934 2244 circularem
969 2171 1151 2268 fugerent,
1186 2173 1256 2244 nisi
1291 2198 1358 2267 per
1392 2173 1468 2244 vim
1504 2170 1665 2267 aliquam
1701 2173 1860 2244 cohibiti.

410 2292 545 2364 Postea
570 2290 600 2361 si
628 2290 725 2360 vires
761 2303 973 2360 constanter
1003 2288 1202 2383 impressae,
1231 2289 1364 2383 quibus
1395 2285 1495 2384 globi
1528 2288 1563 2358 in
1595 2288 1756 2360 motibus
1787 2289 1864 2361 suis

407 2422 657 2504 perseverant,
690 2420 886 2488 cessarent,
915 2402 951 2475 dc
977 2405 1102 2476 omnia
1129 2402 1274 2500 legibus
1301 2404 1523 2476 mechanicis
1554 2405 1862 2498 permitterentur,

406 2522 662 2620 languesceret
686 2519 862 2615 paulatim
890 2535 1011 2591 motus
1037 2516 1232 2615 globorum
1255 2519 1317 2617 (ob
1335 2521 1515 2593 rationem
1536 2521 1570 2591 in
1599 2518 1705 2592 corol.
1728 2545 1748 2613 3
1777 2520 1812 2592 &
1838 2545 1863 2612 4

407 2636 647 2735 assignatam)
669 2635 705 2708 dc
724 2637 883 2710 vortices
901 2636 1053 2708 tandem
1071 2638 1383 2732 conquiescerent.

481 2754 598 2827 Corol.
622 2759 653 2827 6.
683 2753 724 2824 Si
742 2750 842 2848 globi
862 2750 985 2846 plures
1003 2752 1100 2824 datis
1116 2753 1151 2824 in
1170 2751 1259 2826 locis
1277 2755 1411 2826 circum
1439 2779 1527 2826 axes
1554 2754 1736 2849 positione
1758 2754 1865 2827 datos

407 2872 515 2945 certis
551 2895 634 2941 cum
677 2867 933 2941 velocitatibus
969 2885 1181 2942 constanter
1215 2869 1502 2959 revolverentur,
1539 2870 1669 2943 fierent
1704 2871 1863 2943 vortices

408 2988 564 3061 totidem
592 2987 627 3058 in
657 2985 838 3057 infinitum
870 3001 1078 3082 pergentes.
1136 2986 1235 3058 Nam
1262 2985 1363 3084 globi
1391 2986 1526 3085 singuli
1553 2987 1684 3059 eadem
1712 2989 1862 3074 ratione,

407 3131 482 3202 qua
509 3129 604 3175 unus
639 3102 771 3198 aliquis
800 3119 941 3175 motum
968 3127 1075 3172 suum
1103 3119 1286 3199 propagat
1316 3104 1351 3174 in
1385 3103 1575 3188 infinitum,
1603 3104 1864 3200 propagabunt

407 3222 519 3294 etiam
552 3236 673 3293 motus
704 3245 791 3291 suos
821 3219 856 3289 in
884 3217 1076 3304 infinitum,
1099 3220 1194 3292 adeo
1221 3235 1262 3291 ut
1288 3220 1388 3291 fluidi
1417 3220 1547 3292 infiniti
1575 3246 1660 3315 pars
1687 3246 1861 3317 unaquae-

409 3362 481 3433 que
499 3362 545 3409 eo
576 3337 736 3433 agitetur
756 3349 858 3407 motu
891 3335 1024 3430 quiex
1051 3337 1215 3408 omnium
1241 3336 1436 3434 globorum
1465 3338 1669 3409 actionibus
1701 3337 1860 3412 resultat

411 3452 527 3525 Unde
562 3453 720 3539 vortices
757 3476 830 3523 non
865 3451 1088 3524 definientur
1122 3452 1230 3524 certis
1267 3449 1453 3536 limitibus,
1485 3452 1551 3523 sed
1588 3453 1624 3523 in
1659 3478 1699 3524 se
1736 3472 1863 3528 mutuo

407 3567 584 3665 paulatim
620 3585 837 3654 excurrent;
877 3567 1053 3666 globique
1084 3593 1151 3662 per
1180 3568 1344 3639 actiones
1379 3568 1560 3639 vorticum
1597 3569 1631 3639 in
1664 3595 1704 3641 se
1736 3588 1863 3644 mutuo

406 3700 587 3781 perpetuo
606 3686 855 3758 movebuntur
872 3684 919 3756 de
937 3683 1026 3756 locis
1045 3685 1130 3768 suis,
1149 3684 1202 3754 uti
1231 3684 1266 3754 in
1294 3681 1485 3756 corollario
1511 3685 1699 3779 superiore
1718 3689 1863 3782 exposi-

406 3817 485 3874 tum
503 3817 579 3890 est;
618 3827 740 3897 neque
770 3816 907 3872 certam
935 3799 1105 3894 quamvis
1136 3799 1230 3870 inter
1247 3824 1287 3870 se
1314 3799 1536 3893 positionem
1564 3802 1774 3887 servabunt,
1795 3803 1863 3874 nisi

406 3944 473 4013 per
503 3920 579 3990 vim
609 3917 769 4013 aliquam
803 3917 943 3989 retenti.
1013 3916 1255 3988 Cessantibus
1284 3932 1409 3987 autem
1440 3916 1579 3988 viribus
1611 3915 1679 3988 illis
1711 3943 1795 4013 quae
1827 3919 1864 3990 in

404 4032 536 4132 globos
572 4050 784 4108 constanter
822 4034 1011 4128 impressae
1047 4048 1270 4104 conservant
1312 4032 1424 4104 hosce
1459 4048 1590 4116 motus
1627 4034 1781 4105 materia
1815 4035 1864 4106 ob

406 4156 586 4227 rationem
606 4154 643 4225 in
663 4151 853 4226 corollario
872 4151 980 4223 tertio
999 4150 1034 4223 8c
1053 4166 1184 4245 quarto
1206 4151 1443 4246 assignatam,
1464 4149 1639 4245 paulatim
1659 4153 1864 4247 requiescet

412 4271 448 4344 &
467 4273 502 4344 in
521 4272 680 4343 vortices
698 4269 758 4365 agi
777 4268 931 4340 desinet.

476 4389 593 4461 Corol.
618 4408 646 4479 7.
675 4386 716 4458 Si
735 4385 889 4455 fluidum
916 4380 1076 4454 similare
1103 4380 1295 4455 claudatur
1313 4383 1348 4454 in
1377 4408 1467 4455 vase
1490 4383 1672 4477 sphaerico
1699 4411 1741 4456 ac
1762 4384 1863 4481 globi

405 4506 441 4575 in
469 4519 596 4575 centro
622 4501 858 4574 consistentis
884 4497 1055 4570 uniformi
1084 4499 1265 4570 rotatione
1291 4513 1423 4594 agatur
1454 4500 1489 4570 in
1519 4500 1707 4585 vorticem,
1730 4500 1863 4598 globus

401 4635 525 4692 autem
562 4618 598 4690 &
628 4644 695 4690 vas
728 4618 763 4688 in
795 4617 952 4689 eandem
986 4631 1128 4711 partem
1158 4616 1253 4688 circa
1283 4642 1391 4688 axem
1419 4617 1578 4690 eundem
1615 4617 1862 4704 revolvantur,

400 4737 548 4831 sintque
583 4759 710 4807 eorum
746 4747 914 4827 tempora
949 4733 1135 4827 periodica
1178 4749 1218 4805 ut
1263 4735 1443 4828 quadrata
1477 4735 1862 4810 semidiametrorum:

401 4867 525 4945 partes
545 4850 646 4922 fluidi
674 4874 745 4922 non
774 4850 875 4942 prius
903 4849 1195 4943 perseverabunt
1223 4850 1259 4920 in
1288 4852 1447 4923 motibus
1474 4853 1550 4924 suis
1578 4852 1657 4925 sine
1684 4853 1860 4925 accelera-
