4088 5768
813 449 953 507 LIBER
974 448 1224 508 SECUNDUS.
1674 470 1719 538 ²7
1725 472 1744 540 3

291 643 343 717 tia
361 642 420 717 vel
438 642 689 717 decrescentia
716 643 751 716 82
778 642 884 716 simul
913 644 1123 739 incipientia
1149 641 1208 717 vel
1235 640 1342 715 simul
1370 643 1640 729 evanescentia,
1659 661 1746 716 sunt

291 758 588 857 proportionalia.
645 761 803 850 Q.E.D.

362 879 479 951 Corol.
509 878 550 950 Si
569 875 771 975 longitudo,
792 903 875 973 quae
894 877 1009 950 oritur
1026 874 1246 971 applicando
1264 901 1387 949 aream
1406 877 1532 947 DET
1543 877 1591 948 ad
1609 875 1744 950 lineam

289 995 379 1079 BD,
398 994 541 1065 dicatur
566 994 623 1064 M
625 1025 640 1077 ,·
667 992 702 1065 8t
728 991 922 1091 longitudo
948 992 1019 1065 alia
1046 993 1084 1064 V
1104 1009 1270 1066 sumatur
1297 995 1332 1066 in
1364 1019 1408 1066 ea
1439 993 1581 1065 ratione
1600 993 1647 1064 ad
1667 991 1744 1066 lon-

289 1111 497 1209 gitudinem
531 1110 589 1193 M,
622 1134 734 1204 quam
768 1109 881 1182 habet
915 1108 1011 1182 linea
1041 1110 1136 1181 DA
1174 1110 1221 1181 ad
1253 1108 1387 1183 lineam
1415 1110 1464 1180 l)
1477 1110 1538 1182 E:
1573 1110 1743 1204 spatium,

290 1227 392 1323 quod
428 1250 561 1320 corpus
596 1250 749 1298 ascensu
785 1224 844 1298 vel
887 1226 1066 1298 descensu
1102 1243 1181 1300 toto
1220 1227 1256 1298 in
1292 1225 1415 1298 medio
1451 1225 1645 1297 resistente
1679 1227 1742 1299 de-

290 1343 425 1428 scribit,
460 1341 530 1414 erit
564 1340 611 1412 ad
647 1341 816 1436 spatium,
853 1343 953 1438 quod
989 1368 1121 1438 corpus
1157 1344 1192 1415 in
1229 1343 1352 1415 medio
1388 1367 1461 1414 non
1498 1342 1691 1415 resistente
1723 1370 1743 1414 e

290 1459 416 1555 quiete
437 1458 605 1531 cadendo
631 1458 764 1531 eodem
793 1474 959 1553 tempore
990 1458 1197 1531 describere
1228 1474 1360 1553 potest,
1380 1474 1421 1530 ut
1453 1482 1619 1531 arearum
1650 1483 1743 1552 prae-

290 1635 472 1707 dictarum
496 1634 703 1707 differentia
733 1634 780 1705 ad
811 1577 1034 1707 Q:
1061 1618 1220 1730 ideoque
1246 1659 1293 1707 ex
1324 1634 1412 1706 dato
1439 1650 1605 1728 tempore
1623 1631 1741 1704 datur.

862 1701 956 1772 AB

293 1814 394 1887 Nam
428 1814 589 1909 spatium
625 1815 661 1885 in
697 1814 820 1888 medio
855 1841 928 1889 non
965 1817 1159 1889 resistente
1202 1830 1259 1887 est
1302 1814 1337 1886 in
1382 1813 1568 1910 duplicata
1603 1815 1744 1887 ratione

291 2008 478 2102 temporis,
498 2007 578 2080 sive
596 2022 636 2078 ut
665 2006 703 2077 V
704 2019 735 2094 ²;
764 2006 865 2080 &ob
884 2007 989 2079 datas
1006 2007 1097 2079 BD
1124 2005 1159 2078 82
1186 2006 1278 2077 AB
1304 2022 1344 2079 ut
1369 1947 1586 2079 Q-Vj·
1647 2003 1743 2082 Haec

1425 2071 1519 2141 AB

735 2187 1109 2282 DAquDxM²

291 2243 540 2341 areaaequalis
554 2261 611 2318 est
624 2271 720 2317 areae
785 2311 946 2406 ΜΝ
960 2311 1000 2382 Α
1014 2312 1053 2382 B

1111 2305 1119 2333 ‚
1135 2246 1171 2319 ἃ
1185 2247 1299 2342 ipsius
1311 2247 1368 2317 M
1374 2263 1603 2319 momentum
1617 2265 1674 2320 est
1688 2275 1743 2332 m,-

293 2486 328 2559 82
346 2503 541 2583 propterea
558 2488 666 2585 hujus
684 2513 780 2560 areae
795 2503 1023 2561 momentum
1042 2503 1099 2560 est
1112 2429 1604 2561 QBD-PMAE.
1655 2487 1741 2561 Hoc

1211 2553 1305 2623 DE
1350 2553 1427 2623 xA
1443 2553 1480 2624 B

292 2683 414 2741 autem
444 2685 671 2742 momentum
703 2685 760 2741 est
787 2669 834 2740 ad
865 2685 1092 2742 momentum
1119 2579 1336 2741 differentiai
1363 2695 1530 2741 arearum
1549 2671 1741 2765 praedicta-

954 2802 1275 2873 APxBDxm
1313 2803 1749 2933 utDAquDxllT

296 2861 935 2946 rumDET&AbNK,viz.ad
1070 2926 1163 2996 AB
1286 2918 1293 2945 ,
1496 2927 1620 3023 DEq

792 3043 910 3139 DAq

292 3103 339 3177 ad
356 3103 464 3183 {BD
477 3129 500 3176 ><
514 3104 608 3188 ΑΡ,
628 3103 707 3174 sive
729 3117 770 3174 ut
791 3147 909 3261 W
927 3101 964 3173 in
982 3102 1069 3172 DE
1080 3102 1117 3172 T
1128 3101 1175 3173 ad
1194 3101 1350 3185 DAR·
1377 3103 1544 3198 ideoque,
1564 3104 1626 3177 ubi
1647 3131 1743 3179 areae

292 3285 385 3357 DE
402 3287 439 3357 T
459 3285 495 3358 82
521 3285 612 3356 DA
627 3285 665 3356 P
691 3308 802 3379 quam
830 3283 992 3355 minimae
1019 3299 1116 3374 sunt,
1137 3284 1172 3355 in
1200 3284 1341 3357 ratione
1359 3283 1587 3380 aequalitatis.
1642 3286 1752 3359 Area·

293 3464 403 3562 igitur
419 3403 694 3599 323&
723 3464 930 3539 differentia
957 3489 1124 3538 arearum
1152 3465 1243 3535 DE
1260 3464 1298 3535 T
1318 3463 1354 3536 82
1381 3464 1421 3534 A
1434 3465 1514 3535 bN
1522 3465 1573 3549 K,
1593 3468 1743 3559 quando

292 3669 420 3716 omnes
455 3643 514 3716 hae
549 3670 646 3717 areae
692 3671 803 3741 quam
840 3646 1001 3718 minimae
1036 3660 1131 3729 sunt,
1168 3642 1324 3739 aequalia
1358 3644 1496 3717 habent
1531 3662 1742 3734 momenta;

292 3761 449 3855 ideoque
477 3776 564 3833 sunt
594 3761 768 3858 aequales.
842 3763 957 3834 Unde
984 3787 1066 3834 cum
1095 3759 1319 3845 velocitates
1340 3759 1376 3832 81
1403 3776 1599 3855 propterea
1630 3764 1741 3835 etiam

291 3876 411 3972 spatia
430 3878 464 3949 in
484 3878 607 3951 medio
625 3895 782 3975 utroque
801 3881 837 3953 in
856 3879 1035 3974 principio
1054 3878 1254 3950 descensus
1272 3875 1331 3949 vel
1351 3876 1424 3950 fine
1441 3902 1616 3950 ascensus
1634 3879 1742 3953 simul

291 3993 475 4089 descripta
503 3997 681 4068 accedant
708 3996 755 4068 ad
786 3994 1056 4091 aequalitatem
1094 3993 1252 4088 ideoque
1284 4009 1370 4065 tunc
1401 3993 1475 4064 sint
1508 3994 1556 4066 ad
1585 3995 1743 4070 invicem

292 4184 332 4240 ut
350 4193 435 4240 area
451 4111 668 4255 Q:
688 4170 724 4242 o
742 4196 908 4244 arearum
928 4170 1020 4241 DE
1036 4170 1073 4240 T
1086 4168 1121 4240 ἃ
1139 4169 1179 4240 Α
1194 4169 1274 4240 bN
1281 4169 1329 4239 K
1342 4168 1567 4255 differentia;
1596 4169 1631 4242 ἃ
1649 4198 1741 4267 prae-

503 4235 599 4305 AB

1532 4352 1729 4425 Bwa

296 4419 394 4477 terea
411 4432 491 4479 cum
509 4409 670 4503 spatium
690 4410 724 4481 in
744 4409 868 4481 medio
895 4432 967 4480 non
993 4407 1188 4481 resistente
1206 4409 1254 4481 sit
1274 4426 1454 4504 perpetuo
1472 4427 1513 4482 ut
1535 4449 1717 4460 -—--

1587 4477 1628 4547 A
1644 4476 1683 4547 B
1734 4462 1741 4488 ’

303 4579 514 4677 &spatium
544 4588 581 4660 in
609 4589 732 4661 medio
761 4589 953 4661 resistente
979 4589 1027 4660 sit
1057 4604 1238 4683 perpetuo
1268 4604 1308 4660 ut
1334 4615 1501 4662 arearum
1531 4593 1627 4663 DE
1646 4593 1684 4664 T
1709 4592 1744 4664 81

307 4696 418 4768 AbN
420 4702 464 4772 K
477 4705 707 4778 differentia:
735 4730 885 4778 necesse
899 4720 967 4795 est,
983 4721 1023 4777 ut
1041 4706 1161 4801 spatia
1180 4707 1215 4778 in
1234 4706 1357 4787 medio
1379 4721 1545 4802 utroque,
1565 4708 1601 4780 in
1620 4733 1743 4804 aequa-

307 4805 393 4880 libus
421 4818 696 4916 quibuscunque
727 4823 954 4916 temporibus
989 4823 1183 4918 descripta,
1215 4823 1288 4895 sint
1318 4823 1365 4895 ad
1402 4824 1559 4898 invicem
1590 4840 1631 4898 ut
1658 4852 1744 4899 area

1006 4947 1024 4994 s
