4110 5782
736 395 877 455 LIBER
897 394 1151 455 SECUNDUS.
1601 425 1672 494 299

218 597 361 694 accepit
390 610 503 680 motu,
537 595 573 665 in
604 592 762 665 eandem
793 588 941 688 plagam
969 588 1171 686 pergend0,
1203 590 1241 662 in
1276 591 1398 685 priore
1432 617 1518 666 casu
1554 598 1673 695 magis

218 715 389 811 agitatur,
418 711 453 783 in
480 708 683 806 posteriore
718 707 860 790 minus;
903 731 946 778 ac
976 706 1132 801 proinde
1168 707 1286 803 magis
1320 706 1380 781 vel
1425 710 1545 784 minus
1587 738 1672 786 cum

217 830 432 926 corporibus
462 828 572 901 motis
603 825 797 920 conspirat.
854 820 1029 896 Pendulis
1060 822 1171 920 igitur
1198 823 1234 895 in
1264 824 1447 897 descensu
1474 828 1592 926 magis
1616 856 1671 904 re·

217 948 322 1034 sistit,
343 947 379 1018 in
405 969 559 1018 ascensu
592 943 711 1014 minus
742 964 854 1036 quam
882 964 951 1034 pro
978 938 1121 1011 ratione
1145 937 1361 1027 velocitatis,
1381 939 1418 1014 81
1443 966 1491 1015 ex
1517 959 1673 1042 utraque

218 1087 328 1134 causa
346 1076 492 1156 tempus
509 1058 731 1156 producitur.

277 1439 647 1518 PROPOSITIO
703 1438 932 1510 XXVIII.
1014 1436 1374 1510 THEOREMA
1431 1437 1613 1512 XXIII.

219 1664 267 1736 Si
288 1662 434 1758 corpori
445 1657 699 1756 fuuepcudulo
724 1658 763 1730 in
790 1655 938 1752 cyclmde
961 1655 1146 1741 oscillenti
1168 1655 1355 1729 resistitur
1372 1655 1413 1728 in
1434 1656 1576 1730 rotrone
1599 1682 1670 1731 mo-

268 1807 470 1870 mentorum
488 1791 666 1888 temporzs,
684 1791 757 1863 erit
771 1790 848 1885 ejns
864 1788 1065 1862 resistentie
1081 1788 1136 1862 ad
1146 1790 1220 1862 eim
1230 1789 1434 1886 gravitates
1453 1800 1497 1862 ut
1521 1816 1673 1866 acessus

267 1956 376 2005 arens
391 1929 551 2003 descensu
569 1935 640 1998 toto
656 1922 827 2018 descripti
840 1931 955 2017 supra
972 1947 1100 1994 arcum
1116 1947 1262 1996 escensu
1279 1922 1504 2019 subsequente
1517 1924 1669 2020 descrip-

269 2075 359 2154 tum,
377 2064 430 2136 ad
433 2060 593 2158 penduli
607 2056 871 2154 longitudinem
887 2053 1120 2149 dupluetom.

288 2296 473 2392 Designet
490 2292 577 2365 BC
599 2313 724 2362 arcum
744 2286 925 2361 descensu
949 2285 1184 2381 descriptum,
1207 2287 1242 2360 C
1250 2312 1273 2359 e
1291 2313 1416 2362 arcum
1434 2314 1589 2365 ascensu
1607 2291 1670 2366 de-

218 2414 404 2508 scriptum,
424 2410 460 2482 8e
477 2409 517 2481 A
532 2434 556 2480 a
573 2403 819 2479 differentiam
842 2427 993 2475 arcuum
1010 2429 1017 2475 :
1045 2400 1082 2475 81
1108 2402 1290 2475 stantibus
1321 2428 1405 2499 quae
1436 2405 1473 2478 in
1503 2411 1669 2505 proposi.

219 2531 319 2602 tione
337 2549 416 2598 xxv
443 2538 653 2598 constructa
679 2519 996 2593 &demonstrata
1025 2532 1123 2607 sunt,
1152 2518 1222 2591 erit
1248 2519 1317 2608 vis,
1346 2543 1420 2615 qua
1450 2545 1582 2618 corpus
1612 2551 1670 2600 os·

218 2642 345 2717 cillans
369 2657 520 2739 urgetur
544 2641 580 2713 in
607 2637 688 2711 Ioco
714 2636 847 2732 quovis
870 2638 921 2721 D,
953 2635 1001 2708 ad
1031 2635 1108 2707 vim
1137 2634 1354 2708 resistentiae
1384 2650 1426 2708 ut
1452 2661 1557 2712 arcus
1588 2641 1623 2715 C
1627 2645 1671 2717 D

218 2759 265 2833 ad
284 2784 409 2833 arcum
437 2758 525 2847 CO,
545 2756 607 2851 qui
634 2754 797 2827 semissis
824 2768 882 2827 est
906 2752 1124 2826 differentiae
1150 2749 1245 2824 illius
1270 2751 1358 2824 Aa.
1416 2751 1581 2852 Ideoque
1601 2759 1670 2848 vis,

216 4335 290 4405 qua
317 4333 450 4404 corpus
481 4307 651 4382 oscillans
681 4326 834 4407 urgetur
863 4311 900 4384 in
926 4308 1101 4406 cycloidis
1128 4309 1308 4408 principio
1331 4335 1397 4383 seu
1415 4323 1553 4407 puncto
1569 4309 1668 4384 altis·

215 4426 319 4511 simo,
349 4426 386 4498 id
418 4440 483 4510 est,
513 4426 570 4497 vis
600 4426 802 4522 gravitatis,
833 4426 903 4500 erit
932 4425 980 4499 ad
1011 4426 1257 4501 resistentiam
1287 4442 1329 4501 ut
1357 4453 1464 4502 arcus
1494 4427 1669 4524 cycloidis

215 4542 310 4616 inter
340 4558 518 4639 punctum
549 4541 638 4616 illud
673 4567 887 4639 supremum
922 4540 959 4615 81
993 4559 1170 4638 punctum
1205 4541 1371 4616 infimum
1403 4545 1439 4617 C
1464 4545 1513 4618 ad
1542 4570 1667 4619 arcum

217 4659 251 4731 C
262 4660 319 4744 0,·
345 4659 383 4732 id
401 4675 458 4732 est
476 4659 520 4758 (si
539 4685 645 4732 arcus
663 4656 909 4754 duplicentur)
930 4673 972 4731 ut
989 4656 1164 4754 cycloidis
1182 4661 1294 4735 totius
1324 4687 1439 4748 arcus,
1458 4687 1524 4736 seu
1555 4662 1668 4761 dupla

214 4774 363 4870 penduli
381 4775 585 4874 longitude
604 4777 652 4849 ad
669 4801 795 4850 arcum
812 4776 853 4848 A
867 4801 899 4850 ιι.
953 4775 998 4866 Q.
1014 4777 1062 4849 E.
1078 4778 1129 4849 D.
