4110 5782
287 411 358 496 506
727 404 795 461 DE
814 404 858 460 M
861 402 980 460 UNDI
996 403 1022 461 S
1029 401 1204 461 YSTEMA
1211 401 1267 459 TE

285 584 500 656 flectebatur
520 608 543 654 a
564 581 698 656 circulo
719 581 892 654 maximo.
959 579 1059 652 Nam
1085 580 1121 653 81
1148 605 1277 653 mense
1294 580 1500 653 Novembri
1514 606 1653 656 cursus
1673 585 1763 682 ejus

285 701 401 773 tribus
419 698 549 772 saltem
577 700 755 798 gradibus
783 699 830 771 ab
856 697 1024 793 ecliptica
1050 698 1086 770 in
1115 713 1280 769 austrum
1309 695 1525 783 declinabat,
1547 697 1585 771 8ι
1614 717 1758 794 postea

285 842 413 890 mense
430 817 621 889 Decembri
634 817 811 914 gradibus
841 840 886 907 29
911 816 1091 912 vergebat
1118 816 1166 887 ab
1193 814 1361 910 ecliptica
1384 815 1420 886 in
1439 818 1753 910 septentrionem,

285 928 450 1031 partibus
494 935 638 1006 duabus
672 935 812 1018 orbitae,
849 933 885 1004 in
922 934 1055 1029 quibus
1086 947 1231 1006 cometa
1266 932 1444 1005 tendebat
1478 933 1515 1004 in
1550 933 1675 1007 solem
1713 935 1751 1009 8ι

285 1052 429 1123 redibat
455 1077 477 1123 a
503 1050 590 1136 sole,
609 1050 746 1148 angulo
774 1066 977 1146 apparente
1004 1050 1188 1147 graduum
1216 1048 1299 1145 plus
1327 1050 1478 1146 triginta
1505 1050 1552 1122 ab
1583 1050 1747 1125 invicem

285 1166 563 1253 declinantibus,
583 1182 624 1239 ut
651 1168 865 1241 observavit
890 1168 1145 1241 Montenarrcs.
1203 1167 1388 1265 Pergebat
1415 1166 1474 1241 hic
1502 1184 1652 1242 cometa
1680 1195 1749 1265 per

286 1285 393 1382 signa
407 1308 552 1369 novem,
567 1310 589 1356 a
606 1284 743 1358 Leonis
758 1284 895 1357 scilicet
909 1284 1038 1358 ultimo
1048 1285 1167 1382 gradu
1185 1285 1233 1357 ad
1248 1284 1468 1379 principium
1484 1284 1745 1371 Geminorum,

286 1415 421 1496 praeter
446 1401 593 1497 signum
623 1400 770 1487 Leonis
800 1426 867 1497 per
892 1401 994 1497 quod
1021 1401 1201 1497 pergebat
1231 1416 1430 1496 antequam
1456 1402 1574 1475 videri
1610 1404 1747 1500 coepit;

287 1517 323 1589 81
351 1515 449 1589 nulla
479 1515 550 1589 alia
580 1533 683 1589 extat
713 1519 864 1603 theoria,
884 1543 959 1614 qua
989 1534 1134 1591 cometa
1163 1533 1305 1590 tantam
1341 1518 1425 1591 coeli
1457 1535 1602 1614 partem
1642 1536 1746 1595 motu

286 1632 443 1731 regulari
462 1651 656 1729 percurrat
713 1635 842 1708 Motus
860 1636 940 1732 ejus
958 1635 1027 1708 fuit
1041 1635 1202 1708 maxime
1222 1634 1463 1731 inaequabilis.
1519 1636 1622 1709 Nam
1648 1638 1747 1711 circa

285 1752 384 1824 diem
402 1751 624 1849 vigesimum
643 1752 865 1826 Nouerrtbrz‘s
878 1753 1073 1849 descripsit
1089 1753 1227 1850 gradus
1247 1753 1390 1825 circiter
1402 1754 1567 1850 quinque
1587 1755 1747 1852 singulis

285 1870 437 1956 diebus;
464 1869 550 1942 dein
575 1886 677 1943 motu
705 1869 892 1944 retardato
920 1870 1014 1943 inter
1039 1869 1212 1942 Nouemb.
1244 1868 1346 1942 26&
1363 1871 1521 1944 Decemb.
1548 1895 1602 1957 12,
1622 1873 1747 1967 spatio

286 1987 423 2060 scilicet
440 1987 583 2058 dierum
602 1986 813 2082 quindecim
832 2013 915 2059 curn
934 1987 1098 2075 semisse,
1118 1986 1313 2082 descripsit
1338 1987 1477 2084 gradus
1503 2003 1650 2060 tantum
1671 2012 1747 2079 40;

286 2120 416 2200 postea
442 2129 532 2176 vero
558 2118 661 2176 motu
691 2103 823 2176 iterum
853 2103 1057 2178 accelerato
1085 2102 1281 2199 descripsit
1306 2104 1444 2201 gradus
1474 2104 1552 2177 sere
1579 2106 1749 2201 quinque

286 2218 439 2318 singulis
471 2220 611 2305 diebus
639 2235 840 2316 antequam
868 2238 990 2296 motus
1018 2223 1150 2294 iterum
1182 2221 1359 2293 retardari
1386 2221 1507 2316 coepit
1580 2221 1634 2293 Et
1664 2222 1746 2296 the·

286 2339 373 2422 oria,
405 2362 490 2433 quae
521 2337 636 2410 motui
669 2353 744 2410 tam
778 2337 988 2436 inaequabili
1018 2364 1086 2435 per
1116 2339 1316 2410 maximam
1348 2337 1431 2411 coeli
1459 2352 1602 2434 partem
1630 2341 1749 2435 probe

286 2455 495 2551 respondet,
515 2480 674 2551 quaeque
693 2457 843 2529 easdem
863 2457 1038 2530 observat
1064 2456 1166 2555 leges
1185 2482 1268 2529 cum
1287 2456 1430 2530 theoria
1448 2455 1691 2552 planetarum,
1713 2457 1749 2531 8ι

286 2597 369 2644 cum
404 2573 581 2644 accuratis
612 2574 933 2648 observationibus
968 2574 1223 2648 astronomicis
1257 2587 1427 2645 accurate
1465 2572 1643 2670 congruit,
1673 2599 1749 2646 non

270 2705 409 2785 ⁴potest
430 2714 503 2762 non
523 2715 606 2762 esse
623 2716 721 2765 vera.
1671 2784 1675 2791 Ι

351 2807 538 2879 Caeterum
565 2809 811 2904 trajectoriam
830 2834 942 2905 quarn
970 2823 1115 2882 cometa
1142 2807 1349 2903 descripsit,
1369 2805 1406 2879 81
1433 2805 1589 2878 caudam
1617 2832 1749 2880 veram

282 4515 394 4585 quam
413 4487 567 4585 singulis
586 4488 622 4559 in
644 4485 734 4559 locis
761 4485 924 4582 projecit,
944 4483 1063 4555 visum
1092 4497 1149 4554 est
1175 4507 1322 4557 annexo
1348 4483 1538 4556 schemate
1566 4483 1600 4554 in
1629 4479 1743 4577 plano

280 4607 499 4703 trajectoriae
535 4605 740 4679 delineatas
775 4604 978 4677 exhibere:
1022 4601 1084 4674 ubi
1120 4602 1160 4672 A
1178 4602 1267 4674 BC
1297 4601 1451 4674 denotat
1494 4599 1742 4697 trajectoriarn

280 4740 445 4808 cometae,
475 4725 517 4796 D
551 4722 676 4808 solem,
712 4723 808 4794 DE
847 4721 1065 4819 trajectoriae
1100 4744 1219 4801 axem,
1253 4719 1346 4790 DF
1374 4716 1509 4791 lineam
1545 4717 1743 4797 nodorum,
