4088 5768
835 377 978 436 elaea
1003 378 1203 440 renerus.
1452 419 1453 422 a
1673 390 1722 475 46
1727 407 1745 477 5

291 605 341 673 90
357 579 534 678 gradibus
552 576 691 649 distant
708 599 731 646 a
747 570 836 662 sole,
856 572 936 679 sive
954 570 1077 646 elevet
1103 574 1261 647 eandem
1289 576 1325 648 in
1352 577 1565 676 regionibus
1583 580 1652 653 sub
1670 580 1749 656 sole

291 697 327 771 81
344 696 413 771 soli
432 694 620 792 oppositis,
639 693 719 765 haec
745 715 891 764 summa
908 691 978 764 erit
1003 706 1082 765 tota
1107 690 1195 766 solis
1221 693 1279 766 vis
1307 695 1355 767 ad
1383 722 1484 771 mare
1509 698 1750 797 agitandum;

291 814 328 888 84
345 814 506 887 eundem
524 810 675 883 habebit
692 808 873 894 effectum,
893 834 936 881 ac
961 809 992 882 si
1019 822 1098 882 tota
1126 808 1162 881 in
1190 811 1403 908 regionibus
1428 815 1499 887 sub
1524 814 1603 889 sole
1626 815 1748 890 &soli

289 929 470 1028 oppositis
489 952 590 1000 mare
607 925 779 1012 elevaret,
799 925 836 997 in
854 924 1067 1024 regionibus
1084 942 1209 999 autem
1227 953 1313 1025 quae
1340 953 1389 1022 90
1413 931 1591 1029 gradibus
1609 933 1750 1007 distant

291 1073 315 1121 a
331 1046 410 1122 sole
428 1044 478 1119 nil
497 1059 634 1143 ageret

361 1164 458 1238 Haec
484 1179 542 1237 est
558 1162 615 1235 vis
641 1159 729 1234 solis
755 1158 803 1231 ad
830 1184 932 1232 mare
957 1158 1129 1231 ciendum
1158 1160 1195 1231 in
1225 1159 1307 1235 loco
1333 1165 1466 1259 quovis
1483 1165 1581 1253 dato,
1601 1167 1664 1240 ubi
1693 1166 1749 1242 sol

289 1295 366 1355 tam
385 1281 421 1354 in
440 1281 578 1353 vertice
595 1276 665 1352 loci
682 1291 854 1350 versatur
878 1301 991 1372 quam
1019 1276 1055 1349 in
1083 1277 1258 1351 mediocri
1289 1305 1357 1353 sua
1387 1281 1563 1356 distantia
1588 1309 1612 1356 a
1641 1299 1747 1359 terra.

293 1399 337 1471 ln
355 1397 436 1471 aliis
453 1395 542 1470 solis
567 1394 812 1492 positionibus
830 1393 887 1465 vis
905 1392 953 1465 ad
972 1417 1073 1466 mare
1098 1394 1344 1469 attollendum
1362 1412 1420 1471 est
1437 1413 1479 1471 ut
1498 1399 1601 1472 sinus
1619 1426 1750 1474 versus

289 1515 414 1614 duplae
431 1513 635 1589 altitudinis
653 1511 741 1586 solis
758 1536 871 1607 supra
887 1509 1116 1585 horizontem
1134 1511 1203 1587 loci
1221 1513 1361 1589 directe
1379 1515 1545 1609 &cubus
1562 1519 1749 1594 distantiae

291 1632 380 1709 solis
397 1659 420 1706 a
437 1648 536 1706 terra
553 1631 708 1704 inverse.

362 1750 480 1824 Corol.
512 1748 608 1822 Cum
639 1748 697 1819 vis
731 1743 936 1843 centriluga
969 1746 1129 1841 partium
1157 1761 1265 1821 terrae
1293 1775 1315 1821 a
1345 1750 1478 1824 diurno
1509 1768 1616 1827 terrae
1647 1769 1749 1827 motu

291 1866 457 1952 oriunda,
477 1890 561 1961 quae
587 1879 645 1937 est
670 1863 717 1936 ad
745 1862 820 1935 vim
846 1863 1039 1961 gravitatis
1068 1878 1109 1936 ut
1142 1888 1155 1935 1
1189 1863 1236 1938 ad
1266 1870 1347 1958 289,
1367 1868 1502 1942 efficiat
1527 1885 1569 1943 ut
1595 1869 1751 1944 altitudo

293 2009 403 2081 aquae
420 1983 489 2055 sub
507 1996 697 2078 aequatore
714 1993 864 2075 superet
881 1979 961 2076 ejus
974 1978 1205 2053 altitudinem
1223 1982 1293 2055 sub
1311 1983 1405 2080 polis
1423 2011 1596 2060 mensura
1613 1989 1751 2084 pedum

293 2100 564 2176 Parr'se'ense'eem
583 2101 604 2171 8
610 2117 715 2191 5472,
735 2113 777 2169 ut
793 2121 905 2192 supra
922 2096 959 2168 in
978 2122 1080 2193 prop.
1102 2120 1191 2186 x1x;
1215 2098 1273 2171 vis
1290 2099 1420 2176 solaris
1437 2102 1486 2176 de
1505 2129 1579 2200 qua
1596 2105 1751 2203 egimus,

293 2245 378 2293 cum
396 2219 445 2292 sit
461 2218 508 2290 ad
526 2216 604 2290 vim
620 2213 815 2314 gravitatis
832 2228 873 2286 ut
905 2238 918 2285 1
949 2213 997 2286 ad
1029 2217 1233 2300 12868200,
1253 2232 1365 2313 atque
1390 2218 1474 2292 ideo
1492 2220 1540 2292 ad
1558 2220 1635 2293 vim
1654 2219 1752 2293 illam

294 2335 537 2433 centrisugam
564 2349 605 2405 ut
633 2336 704 2424 289
731 2330 779 2404 ad
811 2333 1007 2405 12868200
1032 2356 1099 2404 seu
1122 2355 1135 2404 1
1158 2331 1207 2404 ad
1234 2354 1368 2427 44527,
1387 2336 1522 2410 efficiet
1539 2352 1580 2410 ut
1596 2336 1753 2412 altitudo

294 2478 403 2550 aquae
421 2453 457 2525 in
475 2450 688 2549 regionibus
706 2449 777 2521 sub
794 2445 873 2521 sole
900 2446 937 2520 82
962 2446 1030 2521 soli
1056 2448 1238 2544 oppositis
1255 2467 1406 2546 superet
1423 2451 1655 2528 altitudinem
1672 2456 1752 2553 ejus

296 2569 333 2642 in
350 2566 449 2654 locis,
468 2592 553 2664 quae
572 2590 621 2658 90
637 2565 815 2664 gradibus
833 2564 973 2637 distant
995 2590 1018 2637 a
1043 2564 1132 2654 sole,
1152 2590 1326 2640 mensura
1351 2583 1494 2641 tantum
1520 2569 1628 2665 pedis
1645 2571 1753 2644 unius

294 2684 519 2758 Paresiense's
549 2683 813 2781 &digitorum
841 2680 1013 2754 undecim
1044 2707 1129 2755 cum
1159 2682 1344 2756 tricesima
1374 2700 1479 2781 parte
1506 2686 1623 2787 digiti.
1680 2687 1755 2762 Est

295 2800 394 2875 enim
412 2800 492 2874 haec
510 2825 683 2874 mensura
699 2798 747 2872 ad
766 2824 977 2872 mensuram
995 2799 1133 2895 pedum
1152 2803 1174 2873 8
1179 2821 1273 2895 5472
1294 2819 1336 2875 ut
1358 2825 1371 2874 1
1395 2802 1442 2875 ad
1461 2824 1596 2898 44527.

374 3112 749 3188 PROPOSITIO
795 3112 1046 3189 XXXVII.
1121 3114 1455 3190 PROBLEMA
1502 3115 1678 3189 XVIII.

627 3328 801 3402 Invenire
816 3328 890 3401 vim
908 3329 1008 3403 lunee
1022 3331 1075 3403 ad
1088 3356 1191 3404 enare
1206 3330 1424 3404 mendum.

365 3545 435 3618 Vis
452 3544 550 3617 lunae
568 3543 616 3616 ad
635 3567 736 3615 mare
754 3542 980 3614 movendum
995 3540 1202 3640 colligenda
1215 3555 1272 3614 est
1288 3567 1336 3614 ex
1354 3542 1434 3638 ejus
1451 3540 1689 3636 proportione
1707 3540 1755 3613 ad

297 3661 375 3734 vim
405 3661 502 3746 solis,
522 3660 559 3732 &
586 3659 667 3731 haec
696 3658 886 3754 proportio
920 3657 1128 3755 colligenda
1157 3674 1214 3731 est
1243 3684 1290 3731 ex
1319 3657 1557 3752 proportione
1587 3671 1755 3729 motuum

299 3778 419 3863 mariS,
451 3777 514 3874 qui
544 3776 593 3849 ab
620 3775 678 3847 his
707 3774 848 3847 viribus
866 3775 1049 3848 oriuntur.
1105 3774 1209 3848 Ante
1238 3774 1374 3848 ostium
1406 3773 1507 3846 fluvii
1533 3774 1680 3847 Aeone
1706 3774 1755 3847 ad

298 3892 460 3989 lapidem
488 3891 636 3964 tertium
669 3889 763 3962 infra
789 3889 1010 3963 Bre'stole'am
1028 3906 1196 3985 tempore
1221 3914 1337 3963 verno
1365 3889 1628 3963 &autumnali
1657 3906 1756 3965 totus

298 4034 406 4107 aquae
424 4032 599 4080 ascensus
618 4007 655 4079 in
673 4006 930 4103 conjunctione
957 4006 993 4080 81
1019 4007 1253 4102 oppositione
1270 4005 1513 4093 luminarium,
1533 4007 1756 4082 observante

299 4126 469 4200 Samuele
491 4123 670 4210 Slurme'o,
701 4139 760 4196 est
784 4122 923 4218 pedum
950 4121 1033 4219 plus
1060 4123 1181 4195 minus
1209 4145 1268 4216 45,
1301 4123 1338 4196 in
1366 4124 1601 4220 quadraturis
1629 4140 1753 4198 autem

298 4258 357 4317 est
373 4243 512 4339 pedum
530 4255 675 4313 tantum
695 4264 713 4311 2
720 4261 750 4335 5.
804 4237 978 4313 Altitudo
995 4240 1095 4335 prior
1112 4265 1160 4312 ex
1185 4266 1331 4313 summa
1348 4240 1490 4327 virium,
1510 4241 1693 4336 posterior
1709 4268 1756 4314 ex

298 4359 501 4433 earundem
527 4357 734 4431 differentia
761 4356 885 4430 oritur.
940 4354 1039 4429 Solis
1067 4355 1179 4453 igitur
1207 4356 1243 4429 8z
1270 4355 1368 4430 lunae
1395 4358 1432 4430 in
1461 4373 1650 4454 aequatore
1675 4382 1754 4432 ver-

298 4477 459 4550 santium
478 4474 514 4548 &
538 4474 771 4547 mediocriter
796 4498 819 4545 a
845 4487 942 4545 terra
967 4472 1183 4545 distantium
1203 4488 1313 4546 sunto
1339 4475 1438 4547 vires
1467 4474 1493 4546 S
1514 4473 1551 4547 &
1571 4473 1613 4562 L,
1633 4474 1670 4548 84
1687 4476 1756 4549 erit

302 4594 413 4676 L÷s
433 4593 482 4666 ad
503 4591 614 4665 L-S
634 4605 676 4664 ut
693 4611 739 4684 45
759 4589 808 4662 ad
828 4609 887 4682 25,
906 4614 972 4662 seu
992 4612 1014 4680 9
1032 4588 1080 4660 ad
1101 4609 1132 4683 5.

1003 4797 1058 4845 2G
