4110 5782
727 502 869 560 tmen
888 499 1139 562 securibus.
1592 506 1659 593 361

209 700 289 782 sita,
321 722 433 793 quam
462 722 591 769 versus
619 694 790 791 pulsuum
826 696 963 769 rariora
998 693 1211 779 intervalla;
1251 720 1371 791 eoque
1405 710 1515 791 pacto
1550 698 1665 770 rarius

210 842 357 911 semper
391 815 555 887 evadens
591 840 612 886 e
655 814 806 910 regione
850 810 1125 886 intervallorum
1169 837 1211 883 ac
1255 812 1407 884 densius
1450 838 1472 885 e
1515 812 1667 909 regione

210 931 394 1027 pulsuum,
431 930 663 1025 participabit
697 929 899 1002 eorundem
944 945 1094 1002 motum.
1177 928 1229 1002 Et
1272 930 1448 1024 quoniam
1492 928 1666 1024 pulsuum

211 1048 467 1145 progressivus
486 1063 608 1118 motus
626 1047 742 1118 oritur
766 1071 788 1117 a
816 1062 994 1141 perpetua
1021 1044 1249 1119 relaxatione
1276 1047 1435 1141 partium
1454 1046 1667 1118 densiorum

211 1190 341 1237 versus
359 1163 616 1235 antecedentia
634 1160 826 1235 intervalla
844 1163 1001 1249 rariora;
1030 1163 1065 1235 &
1084 1160 1212 1258 pulsus
1237 1163 1369 1235 eadem
1387 1162 1465 1234 sere
1482 1160 1669 1235 celeritate

211 1306 294 1353 sese
313 1281 348 1352 in
369 1280 479 1352 medii
498 1296 623 1374 partes
641 1281 873 1375 quiescentes
890 1280 939 1352 K
946 1280 992 1365 L,
1011 1280 1062 1350 N
1072 1280 1105 1352 0
1123 1280 1208 1351 hinc
1227 1278 1313 1351 inde
1331 1277 1497 1351 relaxare
1514 1279 1667 1366 debent;

212 1396 339 1493 pulsus
372 1395 420 1468 illi
449 1397 580 1469 eadem
609 1396 685 1469 sere
714 1394 899 1469 celeritate
930 1421 1013 1468 sese
1041 1394 1249 1469 dilatabunt
1279 1395 1443 1490 undique
1478 1396 1515 1468 in
1550 1397 1670 1490 spatia

213 1515 367 1587 immota
395 1514 442 1585 K
449 1514 498 1601 L,
527 1512 578 1583 N
589 1513 631 1597 O,
660 1538 735 1607 qua
762 1528 1015 1610 propagantur
1044 1513 1183 1584 directe
1214 1537 1236 1583 a
1261 1527 1388 1584 centro
1413 1512 1454 1584 A
1469 1544 1484 1599 ,·
1510 1513 1670 1607 ideoque

213 1632 374 1726 spatium
393 1645 513 1703 totum
531 1631 579 1701 K
588 1631 624 1701 L
644 1630 740 1702 ΟΝ
762 1630 1002 1725 occupabunt
1072 1628 1233 1717 Q.E.D.
1291 1628 1378 1701 Hoc
1395 1629 1607 1725 experimur
1633 1630 1670 1701 in
1710 1624 1713 1629 ’

214 1749 325 1836 soniS,
353 1748 416 1844 qui
457 1745 528 1819 vel·
550 1763 675 1819 monte
707 1747 924 1841 interposito
958 1744 1166 1833 audiuntur,
1195 1744 1255 1817 vel
1292 1746 1327 1816 in
1363 1745 1569 1819 cubiculum
1605 1772 1672 1843 per

214 1866 413 1938 fenestram
433 1864 584 1937 admissi
603 1889 685 1937 sese
705 1864 740 1935 in
759 1888 889 1936 omnes
907 1860 1062 1935 cubiculi
1081 1877 1205 1957 partes
1219 1859 1384 1945 dilatant,
1401 1862 1512 1958 inque
1525 1862 1670 1960 angulis

103 2048 104 2052 ,
213 1983 385 2056 omnibus
411 1982 618 2061 audiuntur,
646 2006 719 2054 non
748 1995 823 2051 tam
851 1978 975 2051 reflexi
1003 2003 1025 2050 a
1051 1978 1253 2073 parietibus
1280 1979 1470 2073 oppositis,
1502 2005 1615 2074 quarn
1646 2004 1671 2053 a

214 2099 376 2171 fenestra
393 2099 531 2170 directe
550 2098 755 2194 propagati,
774 2112 954 2192 quantum
973 2121 1020 2167 ex
1038 2119 1149 2167 sensu
1163 2095 1330 2192 judicare
1348 2093 1441 2168 licet.

285 2214 364 2287 Cas.
395 2239 425 2307 3.
460 2214 645 2287 Ponamus
688 2214 851 2309 denique
894 2212 993 2308 quod
1047 2227 1169 2284 motus
1222 2213 1473 2310 cujuscunque
1523 2214 1670 2310 generis

216 2348 443 2428 propagetur
459 2333 507 2403 ab
525 2333 564 2404 A
595 2358 662 2428 per
686 2332 852 2405 soramen
875 2332 914 2402 B
927 2332 961 2403 C
969 2363 980 2404 .·
1007 2330 1236 2425 &quoniam
1263 2330 1482 2427 propagatio
1509 2330 1579 2402 ista
1597 2355 1671 2403 non

217 2449 267 2529 fit.
288 2449 356 2520 nisi
379 2465 562 2544 quatenus
581 2464 704 2544 partes
724 2449 835 2522 medii
854 2465 979 2521 centro
997 2448 1038 2520 A
1059 2445 1250 2543 propiores
1269 2462 1403 2543 urgent
1420 2463 1671 2520 commovent-

219 2591 292 2661 que
320 2582 443 2660 partes
472 2564 683 2652 ulteriores;
712 2566 747 2639 dr
775 2582 899 2661 partes
927 2591 1011 2660 quae
1041 2580 1219 2662 urgentur
1246 2563 1369 2635 fluidae
1398 2580 1493 2649 sunt,
1513 2564 1672 2659 ideoque

218 2682 395 2754 recedunt
413 2707 711 2778 quaquaversum
739 2685 775 2755 in
803 2683 972 2779 regiones
999 2680 1060 2752 ubi
1088 2681 1209 2753 minus
1232 2695 1472 2775 premuntur:
1499 2680 1674 2755 recedent

218 2798 361 2871 eaedem
380 2824 509 2871 versus
528 2801 639 2871 medii
658 2817 782 2895 partes
809 2824 937 2873 omnes
964 2798 1207 2894 quiescentes
1226 2813 1300 2870 tam
1329 2795 1498 2871 laterales
1515 2800 1563 2871 K
1572 2800 1607 2871 L
1637 2798 1673 2871 8ι

218 2919 269 2989 Ν
282 2917 323 3001 0,
343 2943 454 3013 quam
474 2919 676 2991 anteriores
699 2920 736 2990 P
749 2919 794 3007 Q,
813 2943 933 3013 eoque
956 2932 1065 3012 pacto
1099 2930 1221 2987 motus
1248 2914 1378 2999 omnis,
1398 2916 1673 3010 quumprimum

219 3035 467 3130 perforamen
487 3037 525 3107 B
541 3038 575 3108 C
590 3037 742 3121 transiit,
761 3033 903 3107 dilatari
924 3034 1072 3128 incipiet
1092 3032 1128 3104 &
1147 3030 1232 3103 inde
1251 3044 1428 3125 tanquam
1455 3054 1477 3101 a
1495 3030 1674 3127 principio

221 3151 401 3224 &centro
419 3153 456 3224 in
474 3168 598 3247 partes
616 3178 746 3226 omnes
764 3152 902 3225 directe
921 3148 1125 3246 propagari.
1183 3146 1339 3237 Q.E.D.

292 3466 664 3541 PROl'OSlTlO
717 3469 891 3545 XLlll.
965 3472 1320 3548 THEOREMA
1375 3477 1596 3551 XXXIV.

225 3648 367 3739 Corpus
387 3672 490 3718 orizae
505 3650 704 3719 lrenrnlum
732 3650 771 3720 in
799 3650 910 3722 medii)
935 3652 1075 3725 claraco
1092 3654 1317 3751 propagabit
1341 3664 1477 3728 molum
1494 3657 1677 3751 pulsuum

272 3761 433 3856 undiquc
448 3762 488 3832 in
505 3762 681 3834 directum
695 3794 709 3848 ;
735 3765 775 3836 in
802 3766 913 3838 medio
939 3792 1021 3839 vero
1047 3794 1119 3841 non
1145 3771 1284 3844 clastico
1302 3783 1437 3844 prolum
1461 3772 1676 3845 circularem

272 3879 446 3951 crct'lobr'l.

292 4059 372 4131 Cas.
409 4084 435 4130 1.
468 4059 567 4131 Nam
587 4075 711 4155 partes
730 4064 892 4157 corporis
911 4064 1054 4138 tremuli
1074 4068 1216 4140 vicibus
1242 4066 1393 4140 alternis
1419 4069 1542 4141 eundo
1561 4068 1597 4141 8ι
1623 4094 1677 4143 re·

223 4175 373 4247 deundo
401 4176 452 4247 itu
484 4201 552 4249 suo
581 4176 766 4273 urgebunt
792 4177 828 4250 82
855 4181 1062 4275 propellent
1087 4199 1212 4278 partes
1239 4183 1350 4256 medii
1378 4184 1446 4256 sibi
1479 4186 1677 4280 proximas

225 4291 260 4362 de
288 4293 455 4388 urgendo
484 4294 728 4389 compriment
758 4296 909 4368 easdem
941 4297 977 4369 &
1008 4300 1309 4388 condensabunt;
1341 4301 1427 4373 dein
1459 4302 1578 4374 reditu
1609 4328 1679 4377 suo

224 4409 347 4480 sinent
365 4426 489 4503 partes
507 4436 737 4506 compressas
755 4413 928 4486 recedere
955 4414 992 4487 &
1018 4442 1101 4489 sese
1124 4416 1346 4512 expandere.
1420 4416 1539 4513 Igitur
1555 4431 1680 4512 partes

224 4526 336 4598 medii
381 4528 523 4620 corpori
569 4526 725 4601 tremulo
768 4530 947 4624 proximae
991 4532 1097 4604 ibunt
1139 4533 1175 4604 dr
1226 4532 1400 4606 redibunt
1451 4558 1517 4628 per
1566 4534 1679 4624 vices,

224 4644 271 4715 ad
309 4644 422 4714 instar
456 4644 615 4737 partium
652 4646 815 4741 corporis
852 4644 946 4719 illius
981 4647 1153 4721 tremuli:
1199 4648 1234 4721 ἃ
1270 4674 1343 4745 qua
1378 4651 1520 4723 ratione
1556 4667 1680 4746 partes

225 4760 387 4855 corporis
406 4759 515 4856 hujus
534 4762 724 4857 agitabant
742 4763 852 4835 hasce
879 4762 990 4836 medii
1017 4779 1152 4860 partes,
1172 4765 1230 4837 hae
1257 4764 1436 4839 similibus
1460 4768 1681 4841 tremoribus

226 4876 374 4971 agitata.
409 4877 603 4973 agitabunt
637 4895 760 4973 partes
803 4878 873 4950 sibi
916 4880 1112 4973 proximas,
1150 4907 1280 4977 eaeque
1323 4881 1489 4956 similiter
1531 4884 1681 4982 agitatre
