4110 5782
465 422 533 490 194
944 403 1012 461 oa
1031 403 1445 466 aoracoaponaa

508 597 652 695 sphaera
685 601 821 697 qaaa‘s
857 601 935 675 alia
968 600 1150 674 aaztaak
1186 601 1232 674 ab
1268 601 1389 675 eadem
1426 602 1640 677 attrahitur
1669 598 1711 678 vi
1749 604 1922 702 reciproce

501 734 782 829 proportionali
792 737 975 834 quadrato
991 736 1178 811 dritaatza
1192 745 1409 812 centrorum.

532 930 633 1004 Nam
666 933 856 1029 particulae
891 935 1053 1033 cujusvis
1088 936 1258 1010 attractio
1292 951 1350 1010 est
1384 936 1569 1033 reciproce
1611 952 1653 1010 ut
1695 937 1918 1034 quadratum

462 1047 649 1123 distantiae
683 1076 761 1126 suae
795 1079 819 1126 a
852 1051 979 1126 centro
1017 1053 1175 1149 sphaerae
1215 1052 1394 1127 trahentis
1431 1053 1514 1152 (per
1547 1080 1649 1151 prop.
1691 1054 1837 1152 Lxx1v),
1883 1053 1920 1129 81

462 1180 659 1262 propterea
676 1168 808 1242 eadem
827 1185 892 1256 est,
911 1196 955 1243 ac
975 1169 1007 1243 si
1033 1170 1091 1244 vis
1117 1186 1195 1245 tota
1220 1170 1409 1244 attrahens
1436 1186 1603 1244 manaret
1628 1171 1676 1245 de
1702 1169 1920 1268 corpusculo

462 1283 572 1358 unico
589 1284 661 1359 sito
679 1284 716 1357 in
734 1301 861 1360 centro
879 1287 988 1385 hujus
1014 1288 1180 1384 sphaerae.
1253 1288 1350 1361 Haec
1376 1303 1500 1360 autem
1527 1289 1696 1363 attractio
1722 1304 1825 1363 tanta
1850 1305 1918 1376 est,

462 1415 601 1495 quanta
630 1400 727 1475 soret
755 1401 918 1476 vicissim
945 1405 1115 1478 attractio
1142 1403 1347 1501 corpusculi
1375 1405 1552 1502 ejusdem,
1574 1406 1605 1479 si
1634 1406 1747 1480 modo
1778 1404 1866 1480 illud
1896 1432 1920 1479 a

462 1515 617 1614 singulis
647 1519 805 1615 sphaerae
832 1535 998 1595 attractae
1028 1520 1215 1617 particulis
1246 1522 1378 1596 eadem
1406 1522 1443 1595 vi
1473 1523 1687 1611 traheretur,
1715 1549 1789 1621 qua
1818 1524 1920 1620 ipsas

463 1633 623 1710 attrahit
695 1635 727 1708 F
729 1650 811 1709 oret
840 1651 965 1710 autem
996 1636 1057 1711 illa
1087 1637 1292 1736 corpusculi
1327 1640 1497 1714 attractio
1533 1639 1615 1737 (per
1643 1666 1746 1736 prop.
1784 1637 1917 1737 Lxxrv)

462 1751 648 1848 reciproce
682 1753 965 1850 proportionalis
999 1755 1181 1852 quadrato
1211 1756 1396 1831 distantiae
1426 1782 1504 1830 suae
1534 1782 1557 1829 a
1587 1774 1712 1831 centro
1740 1757 1919 1853 sphaerae;

462 1866 622 1967 ideoque
639 1870 724 1946 huic
741 1872 894 1969 aequalis
912 1872 1081 1947 attractio
1098 1873 1255 1971 sphaerae
1273 1890 1331 1948 est
1348 1875 1385 1948 in
1403 1875 1535 1948 eadem
1552 1875 1704 1948 ratione.
1758 1873 1917 1964 QssD.

531 1987 650 2062 Corol.
685 2012 713 2062 1.
743 1987 998 2064 Attractiones
1024 1990 1262 2086 sphaerarum,
1289 2016 1420 2065 versus
1443 1989 1533 2064 alias
1553 1991 1719 2087 sphaeras
1740 1990 1918 2087 homoge-
1961 2031 1963 2034 ·

462 2128 561 2192 neas,
580 2121 668 2179 sunt
694 2121 736 2180 ut
762 2106 920 2203 sphaerae
946 2107 1134 2181 trahentes
1160 2105 1355 2205 applicatae
1380 2108 1429 2181 ad
1456 2108 1636 2205 quadrata
1660 2107 1918 2181 distantiarum

461 2239 670 2298 centrorum
688 2249 839 2299 suorum
856 2250 880 2297 a
896 2224 1031 2298 centris
1050 2250 1188 2316 earum,
1207 2251 1301 2323 quas
1317 2226 1517 2299 attrahunt.
1806 2324 1808 2327 Ι

532 2343 649 2417 Corol.
672 2367 703 2417 2.
728 2343 833 2417 ldem
851 2340 960 2430 valet,
980 2342 1042 2415 ubi
1060 2342 1207 2440 sphaera
1223 2358 1379 2417 attracta
1396 2343 1508 2417 etiam
1525 2341 1685 2416 attrahit
1742 2341 1920 2437 Namque

460 2457 571 2557 hujus
588 2475 726 2557 puncta
743 2458 889 2559 singula
915 2459 1062 2534 trahent
1087 2458 1234 2559 singula
1258 2459 1408 2534 alterius
1434 2459 1566 2533 eadem
1592 2459 1640 2544 vi,
1658 2484 1733 2554 qua
1758 2459 1806 2530 ab
1828 2457 1919 2554 ipsis

461 2576 623 2651 vicissim
658 2576 873 2665 trahuntur;
901 2577 1061 2673 ideoque
1086 2602 1171 2651 cum
1202 2577 1239 2650 in
1270 2576 1371 2651 omni
1397 2576 1615 2650 attractione
1640 2590 1815 2674 urgeatur
1836 2574 1920 2673 (per

460 2690 583 2792 legem
601 2692 659 2791 111)
679 2709 755 2767 tam
773 2709 951 2792 punctum
969 2694 1168 2780 attrahens
1186 2719 1299 2791 quam
1322 2710 1500 2790 punctum
1526 2708 1733 2783 attractum,
1750 2692 1917 2790 gemina-

343 2901 346 2906 *
461 2809 562 2884 bitur
577 2811 635 2884 vis
652 2811 880 2885 attractionis
898 2826 1047 2895 mutuae,
1066 2810 1294 2883 conservatis
1312 2810 1620 2906 proportionibus.
1668 2869 1670 2874 .

531 2928 648 3003 Corol.
679 2953 710 3023 3.
741 2927 887 3002 Eadem
918 2927 1051 3013 omnia,
1079 2952 1164 3022 quae
1191 2927 1360 3023 superius
1390 2926 1439 3000 de
1466 2941 1568 3001 motu
1596 2950 1791 3020 corpomm
1821 2925 1919 2999 cirea

331 3038 357 3052 ⁷
461 3042 675 3119 umbilicum
718 3045 927 3119 conicarum
966 3044 1172 3118 sectionum
1207 3043 1461 3118 demonstrata
1501 3059 1596 3131 sunt,
1631 3043 1809 3129 obtinent,
1852 3043 1918 3116 ubi

460 3160 608 3257 sphaera
641 3161 831 3235 attrahens
865 3162 1007 3236 locatur
1036 3160 1073 3233 in
1108 3158 1291 3247 umbilico,
1324 3161 1360 3234 u
1394 3186 1548 3258 corpora
1581 3176 1780 3236 moventur
1812 3175 1920 3233 extra

460 3278 655 3376 sphaeram.

532 3396 649 3470 Corol.
670 3419 703 3488 4.
727 3395 786 3467 Ea
803 3419 903 3480 vero,
918 3419 1003 3491 quae
1021 3395 1069 3468 de
1087 3410 1189 3469 motu
1203 3418 1398 3491 corporum
1412 3393 1507 3468 circa
1524 3409 1689 3467 centmm
1707 3394 1917 3468 conicarum

405 3498 410 3506 ⁶
460 3513 666 3587 sectionum
709 3511 1018 3597 demonstrantur,
1062 3512 1232 3586 obtinent
1274 3511 1335 3584 ubi
1389 3525 1510 3583 motus
1552 3526 1780 3607 peraguntur
1822 3510 1921 3583 intra

460 3631 655 3728 sphaeram.

536 3968 909 4044 PROPOSlTIO
946 3966 1162 4040 LXXVI.
1234 3965 1589 4039 THEOREMA
1628 3967 1845 4042 XXXVI.

461 4167 511 4241 Si
531 4166 682 4263 sphaera
705 4166 747 4239 in
763 4177 963 4264 progressu
988 4189 1013 4236 a
1037 4172 1157 4236 centro
1182 4162 1236 4235 ad
1239 4215 1242 4221 ·
1255 4160 1583 4256 circumferentiam
1600 4164 1744 4259 (quoad
1756 4167 1922 4239 materia

509 4302 720 4376 densitatem
740 4302 789 4379 ὅτ
811 4298 887 4374 vim
911 4297 1166 4385 attractabam)
1193 4305 1374 4391 utcunque
1396 4295 1640 4382 dissimiliores,
1658 4297 1700 4369 ia
1715 4307 1919 4394 progressu

511 4460 594 4510 vero
621 4445 693 4532 per
723 4432 919 4507 circuitam
952 4431 1006 4505 ad
1033 4431 1159 4503 datam
1193 4455 1331 4502 omnem
1364 4455 1388 4501 a
1426 4439 1546 4502 centro
1578 4430 1794 4504 distantiam
1828 4446 1922 4508 sant

510 4567 672 4661 aadz'qae
698 4564 907 4650 ainr'tareu
942 4566 991 4643 ὅτ
1022 4564 1077 4637 vri
1103 4562 1300 4636 attraetrba
1320 4561 1458 4656 puncti
1487 4563 1658 4658 cujusque
1685 4566 1850 4640 decrescit
1877 4569 1920 4643 in

508 4701 697 4796 duplicata
714 4697 859 4770 ratione
872 4695 1059 4768 distantia
1074 4693 1234 4788 corporis
1249 4693 1424 4767 attracti:
1448 4693 1525 4765 dico
1549 4694 1648 4787 quod
1660 4696 1715 4767 vis
1740 4706 1825 4782 tota,
1843 4726 1921 4794 qua
