4110 5782
723 416 862 474 arasa
883 416 1132 477 secvuuts.
1587 439 1628 509 3¹
1638 438 1657 509 5

206 635 367 706 eumque
395 609 660 682 diuturniorem
693 610 872 683 redderet.
930 610 1197 705 Experimenta
1225 623 1348 681 autem
1376 610 1446 682 hoc
1467 610 1580 683 modo
1606 611 1658 683 in-

206 728 335 799 stituta
352 736 393 798 se
411 726 598 798 habebant
617 741 656 797 ut
675 726 710 797 in
730 723 855 797 tabula
873 739 1052 819 sequente
1070 725 1296 798 describitur.

206 910 335 980 Arcus
350 907 511 979 descensu
520 908 648 1001 primo
665 906 862 1001 descriptus
992 910 1034 978 16
1087 911 1108 977 8
1195 933 1217 999 4
1306 933 1323 979 2
1518 910 1535 989 l

208 1025 249 1096 Α
255 1050 337 1096 rcus
353 1049 497 1096 ascensu
517 1024 646 1094 ultano
666 1022 865 1117 descriptus
994 1046 1033 1093 12
1089 1029 1111 1093 6
1198 1048 1218 1116 3
1311 1024 1346 1103 tl
1417 1064 1436 1071 ·-
1518 1026 1535 1105 ἕ
1617 1047 1622 1059 ·

206 1143 381 1213 Annum
394 1139 473 1236 diff
489 1139 920 1234 ittotaiartzzssoproporl.
988 1163 1011 1227 4
1091 1162 1108 1209 2
1203 1165 1215 1211 r
1313 1140 1329 1219 l·
1419 1181 1438 1221 1
1521 1144 1537 1221 ἒ,-

206 1259 401 1330 Numerus
421 1257 699 1329 Oscillalzonmn
990 1254 1029 1346 3¹³}
1084 1255 1127 1333 6l·
1178 1256 1260 1333 121¹w.
1281 1257 1348 1335 21}
1393 1282 1440 1350 34
1493 1280 1538 1353 53
1592 1260 1660 1339 62}

274 1423 511 1497 Conferendo
530 1420 756 1494 resistentias
775 1419 980 1491 mediorum
1003 1419 1099 1492 inter
1115 1446 1164 1505 se,
1184 1423 1288 1497 effeci
1306 1426 1418 1499 etiam
1436 1442 1476 1499 ut
1499 1425 1662 1522 pendula

205 1541 323 1614 ferrea
340 1538 593 1613 oscillarentur
610 1539 646 1609 in
665 1552 820 1633 argento
839 1537 933 1610 vivo.
992 1537 1204 1634 Longitudo
1223 1539 1272 1613 fili
1296 1541 1403 1615 ferrei
1421 1557 1500 1616 erat
1523 1543 1660 1638 pedum

206 1658 310 1753 quasi
335 1657 454 1740 trium,
475 1655 510 1727 81
537 1656 717 1726 diameter
741 1651 843 1749 globi
871 1651 1021 1747 penduli
1048 1656 1153 1749 quasi
1180 1657 1287 1729 tertia
1313 1683 1398 1753 pars
1424 1658 1540 1755 digiti.
1595 1659 1661 1732 Ad

211 1772 312 1844 filum
348 1788 471 1845 autem
513 1771 680 1866 proxime
715 1793 826 1863 supra
861 1769 1080 1840 mercurium
1116 1769 1248 1843 affixus
1283 1788 1362 1846 erat
1400 1772 1533 1871 globus
1567 1773 1661 1847 alius

207 1888 403 1985 plumbeus
434 1889 524 1960 satis
555 1913 712 1983 magnus
744 1886 791 1958 ad
828 1901 968 1959 motum
1005 1885 1155 1980 penduli
1190 1888 1328 1962 diutius
1358 1890 1658 1965 continuandum.

208 2007 307 2078 Tum
326 2004 526 2089 vasculum,
546 2005 647 2099 quod
665 2003 834 2098 capiebat
851 2002 956 2097 quasi
975 1999 1085 2073 libras
1104 2017 1178 2075 tres
1195 2008 1338 2102 argenti
1357 2006 1442 2093 vivi,
1463 2006 1661 2103 implebam

207 2123 348 2196 vicibus
366 2122 516 2195 alternis
541 2136 695 2217 argento
714 2121 801 2193 vivo
829 2118 864 2190 ἃ
891 2143 988 2213 aqua
1014 2121 1209 2204 communi,
1228 2136 1269 2193 ut
1294 2122 1458 2216 pendulo
1485 2124 1521 2196 in
1548 2123 1662 2197 fluido

207 2254 364 2334 utroque
382 2238 591 2310 successive
609 2235 808 2323 oscillante,
829 2236 1032 2307 invenirem
1055 2236 1329 2330 proportionem
1349 2238 1661 2311 resistentiamm:

207 2355 243 2428 81
270 2355 406 2451 prodiit
433 2354 640 2428 resistentia
666 2351 808 2447 argenti
834 2351 909 2423 vivi
936 2351 983 2423 ad
1012 2351 1257 2424 resistentiam
1283 2378 1391 2448 aqnae
1410 2369 1450 2425 ut
1473 2377 1514 2447 13
1534 2352 1593 2427 vel
1619 2376 1662 2445 ¹4

207 2471 255 2544 ad
288 2495 300 2542 1
332 2471 496 2543 circiter:
530 2470 565 2541 id
593 2486 659 2551 est,
688 2484 727 2541 nt
755 2468 920 2540 densitas
945 2468 1089 2564 argenti
1116 2468 1192 2540 vivi
1218 2468 1266 2540 ad
1296 2469 1518 2543 densitatem
1544 2495 1660 2565 aquae.

86 2670 92 2681 ,
212 2589 288 2660 Ubi
332 2586 483 2685 globum
527 2583 730 2681 pendulum
774 2583 885 2679 paulo
929 2584 1106 2680 majorem
1150 2584 1382 2671 adhibebam,
1426 2601 1517 2681 puta
1558 2587 1662 2683 cujus

207 2704 388 2776 diameter
404 2717 502 2775 esset
528 2702 633 2797 qnasi
660 2700 674 2777 l
695 2699 753 2773 vel
776 2701 933 2795 spartes
957 2700 1073 2797 digiti,
1093 2700 1264 2794 prodibat
1290 2702 1497 2775 resistentia
1519 2702 1662 2800 argenti

207 2820 283 2891 vivi
315 2819 350 2891 in
380 2844 424 2890 ea
452 2819 593 2890 ratione
621 2817 668 2889 ad
700 2817 944 2890 resistentiam
975 2842 1094 2912 aquae,
1124 2842 1235 2912 quam
1265 2817 1377 2891 habet
1409 2843 1583 2892 numerus
1619 2842 1659 2890 12

207 2935 265 3008 vel
300 2959 343 3008 10
368 2935 417 3007 ad
450 2960 461 3005 1
493 2935 644 3006 circiter.
709 2934 785 3006 Sed
814 2934 1068 3028 experimento
1095 2933 1204 3028 priori
1232 2936 1350 3032 magis
1377 2934 1568 3008 fidendum
1594 2950 1661 3022 est,

208 3066 403 3146 propterea
429 3049 529 3145 qnod
560 3050 595 3120 in
623 3049 680 3121 his
708 3048 843 3121 ultimis
869 3075 937 3121 vas
967 3051 1074 3121 nimis
1102 3064 1301 3145 angustum
1329 3050 1397 3122 fuit
1427 3076 1494 3146 pro
1520 3051 1661 3148 magni·

206 3167 335 3239 tudine
360 3165 460 3264 globi
489 3166 658 3237 immersi.
716 3165 909 3261 Ampliato
934 3164 1056 3262 globo,
1076 3166 1230 3239 deberet
1255 3166 1366 3238 etiam
1391 3192 1458 3238 vas
1484 3165 1659 3262 ampliari.

210 3284 484 3357 Constitueram
511 3282 661 3377 quidem
689 3282 900 3380 hujusmodi
927 3284 1181 3377 experimenta
1207 3282 1244 3354 in
1271 3282 1370 3354 vasis
1399 3283 1598 3381 majoribus
1627 3282 1663 3356 8ι

208 3402 244 3474 in
280 3401 482 3497 liquoribus
518 3417 595 3472 tum
632 3397 864 3473 metallorum
899 3398 1074 3486 susorum,
1107 3412 1184 3470 tum
1220 3395 1300 3469 aliis
1335 3398 1555 3494 quibusdam
1587 3414 1663 3472 tam

207 3517 334 3591 calidis
361 3543 472 3612 quam
500 3516 641 3612 frigidis
668 3530 859 3609 repetere:
886 3513 953 3586 sed
980 3513 1103 3586 omnia
1130 3513 1286 3608 experiri
1315 3539 1388 3588 non
1414 3529 1531 3599 vacat,
1557 3515 1593 3587 a
1615 3540 1664 3588 ex

205 3636 283 3730 jam
310 3633 503 3727 descriptis
530 3632 618 3704 satis
645 3630 761 3726 liquet
792 3629 1036 3702 resistentiam
1063 3654 1258 3723 corporum
1289 3627 1454 3703 celeriter
1481 3646 1663 3704 motorum

210 3749 382 3823 densitati
415 3749 611 3821 fluidorum
643 3748 678 3819 in
710 3746 844 3841 quibus
875 3762 1072 3819 moventur
1099 3744 1411 3842 proportionalem
1439 3772 1522 3820 esse
1553 3770 1664 3842 quam

210 3865 386 3959 proxime.
444 3863 532 3935 Non
551 3864 635 3935 dico
658 3877 836 3935 accurate.
894 3862 994 3933 Nam
1019 3861 1133 3934 fluida
1151 3862 1345 3950 tenaciora,
1365 3863 1443 3957 pari
1470 3862 1664 3949 densitate,

210 3976 451 4075 proculdubio
469 3980 587 4075 magis
606 3979 780 4050 resistunt
803 4002 915 4072 quam
933 3975 1136 4072 liquidiora,
1155 3992 1197 4048 ut
1222 3975 1344 4050 oleum
1362 3977 1536 4075 frigidum
1553 4003 1665 4074 quam

210 4093 379 4180 calidum,
415 4093 573 4167 calidum
609 4119 720 4189 quam
756 4118 853 4188 aqua
888 4090 1069 4188 pluvialis
1105 4116 1203 4186 aqua
1241 4118 1352 4189 quam
1392 4094 1541 4190 spiritus
1576 4094 1663 4167 vini.

212 4213 352 4284 Verum
382 4212 418 4283 in
446 4209 658 4307 liquoribus,
685 4210 747 4305 qui
773 4209 822 4282 ad
847 4234 998 4281 sensum
1025 4208 1114 4280 satis
1141 4208 1243 4281 fluidi
1269 4223 1364 4295 sunt,
1384 4226 1425 4283 ut
1451 4211 1487 4281 in
1514 4234 1608 4295 aere,
1628 4210 1665 4282 in

210 4355 308 4424 aqua
342 4355 407 4401 seu
443 4327 541 4400 dulci
572 4353 637 4399 seu
669 4324 774 4411 salsa,
807 4326 843 4398 in
879 4325 1067 4422 spiritibus
1102 4324 1188 4409 vini,
1221 4324 1418 4398 terebinthi
1454 4324 1490 4398 81
1524 4324 1665 4411 salium,

212 4446 249 4518 in
280 4443 363 4518 oleo
393 4470 415 4516 a
446 4443 596 4516 faecibus
627 4467 694 4537 per
724 4439 1009 4516 destillationem
1040 4440 1195 4513 liberato
1226 4439 1263 4513 81
1293 4439 1478 4525 calefacto
1509 4437 1667 4536 oleoque

211 4560 346 4635 vitrioli
383 4561 418 4633 &
449 4560 638 4643 mercurio,
670 4584 713 4630 ac
748 4556 905 4630 metallis
945 4554 1160 4652 liquefactis,
1193 4555 1229 4629 &
1264 4556 1359 4652 siqui
1393 4557 1468 4630 sint
1501 4554 1572 4643 alii,
1602 4557 1666 4652 qui

212 4693 288 4750 tam
320 4677 422 4749 fluidi
451 4693 539 4749 sunt
569 4690 609 4747 ut
638 4675 673 4747 in
703 4673 802 4745 vasis
832 4673 959 4771 agitati
990 4686 1131 4745 motum
1163 4672 1383 4767 impressum
1412 4671 1550 4745 diutius
1580 4697 1665 4746 con-

213 4809 371 4879 servent,
395 4792 574 4887 effusique
602 4791 784 4864 liberrime
811 4790 847 4862 in
874 4803 999 4885 guttas
1025 4789 1254 4863 decurrendo
1280 4787 1519 4877 resolvantur,
1548 4787 1668 4861 nullus
