4088 5768
693 411 834 469 LIBER
859 411 1059 469 Tanarus
1547 431 1613 502 511

154 624 253 683 meta
270 607 356 681 anni
381 628 473 700 1577
491 608 574 680 Dec.
593 631 639 697 29
659 605 876 678 versabatur
896 605 932 676 in
956 625 985 682 t<
1002 608 1055 676 8⁸¹·
1072 605 1134 697 41'
1152 631 1235 678 cum
1257 606 1450 680 latitudine
1476 606 1615 680 boreali

158 735 238 803 28⁸¹·
258 728 415 822 4o'sole
434 729 546 801 etiam
564 727 747 801 existente
765 726 802 798 in
824 744 855 810 νς
884 728 960 796 18⁸¹·
981 722 1040 796 26'
1059 725 1209 798 circiter.
1268 725 1440 821 Utroque
1464 725 1500 797 in
1527 750 1615 797 casu

154 863 252 920 terra
268 847 486 919 versabatur
512 846 548 918 in
576 845 709 919 eodem
731 842 821 929 loco,
842 841 878 915 &
904 857 1050 916 cometa
1075 842 1278 937 apparebat
1305 843 1341 914 in
1370 843 1502 915 eadem
1531 840 1615 915 coeli

152 980 281 1059 parte:
327 964 363 1036 in
399 962 510 1058 priori
545 977 670 1035 tamen
701 986 789 1034 casu
824 959 944 1032 cauda
978 974 1134 1031 cometae
1172 961 1232 1056 (ex
1264 960 1356 1032 meis
1392 960 1428 1032 dr
1459 959 1613 1033 aliorum

153 1080 487 1179 observationibus)
514 1078 724 1153 declinabat
750 1075 887 1174 angulo
914 1076 1097 1173 graduum
1126 1080 1170 1167 4l
1191 1077 1239 1148 ab
1265 1078 1500 1173 oppositione
1527 1078 1615 1153 solis

154 1198 364 1295 aquilonem
388 1224 539 1284 versus;
567 1199 604 1270 in
631 1196 834 1293 posteriore
860 1220 952 1268 vero
981 1193 1042 1290 (ex
1068 1189 1390 1268 observationibus
1424 1197 1461 1268 Τ
1447 1196 1612 1295 yclzonzi)

155 1315 351 1390 declinatio
377 1331 456 1388 erat
485 1313 669 1411 graduum
699 1336 740 1383 21
775 1312 811 1383 in
840 1326 1015 1383 austrum.
1074 1310 1193 1406 Igitur
1219 1312 1412 1406 repudiata
1438 1312 1615 1388 coelorum

156 1431 375 1505 refractione
389 1445 558 1526 superest
576 1444 617 1501 ut
634 1427 883 1523 phaenomena
900 1425 1099 1498 caudarum
1118 1452 1166 1499 ex
1184 1429 1338 1501 materia
1355 1427 1479 1525 aliqua
1497 1430 1615 1505 lucem

156 1549 370 1622 reflectente
388 1547 616 1619 deriventur.

225 1667 374 1739 Caudas
409 1681 533 1737 autem
564 1690 586 1736 a
620 1663 820 1759 capitibus·
837 1662 922 1734 oriri
954 1661 990 1733 &
1022 1661 1058 1733 in
1090 1663 1260 1759 regiones
1294 1691 1318 1737 a
1351 1665 1430 1739 sole
1464 1647 1616 1745 aversas

156 1789 357 1861 ascendere
375 1783 612 1861 confirmatur
629 1811 675 1858 ex
693 1784 839 1882 legibus
857 1809 950 1879 quas
969 1784 1177 1857 observant.
1236 1785 1293 1858 Ut
1313 1788 1414 1883 quod
1442 1790 1478 1861 in
1497 1792 1617 1887 planis

157 1906 301 1979 orbium
345 1921 573 1979 cometarum
608 1928 675 1998 per
712 1900 829 1976 solem
865 1902 1140 1975 transeuntibus
1179 1903 1346 1999 jacentes
1381 1906 1534 1981 deviant
1568 1911 1616 1982 ab

156 2021 391 2118 oppositione
421 2019 509 2093 solis
540 2021 576 2092 in
608 2045 671 2092 eas
701 2046 850 2116 semper
879 2036 1012 2115 partes,
1041 2044 1133 2116 quas
1160 2020 1282 2115 capita
1310 2021 1346 2094 in
1368 2024 1519 2097 orbibus
1546 2024 1615 2098 illis

157 2139 431 2238 progredientia
461 2137 681 2234 relinquunt.
749 2138 863 2231 Quod
889 2137 1086 2232 spectatori
1118 2138 1154 2209 in
1184 2137 1241 2209 his
1269 2138 1388 2234 planis
1416 2142 1617 2218 constituto

156 2272 338 2353 apparent
356 2256 391 2327 in
411 2254 576 2350 partibus
594 2279 616 2325 a
634 2251 713 2326 sole
738 2253 877 2326 directe
895 2254 1054 2340 aversis;
1082 2253 1314 2350 digrediente
1332 2272 1456 2329 autem
1474 2276 1615 2354 specta-

158 2390 237 2446 tore
255 2374 303 2446 de
321 2373 378 2445 his
397 2370 526 2468 planis
546 2372 709 2444 deviatio
729 2369 904 2466 paulatim
922 2371 1086 2455 sentitur,
1107 2369 1144 2442 81
1171 2369 1288 2443 indies
1315 2389 1470 2467 apparet
1488 2377 1613 2472 major.

159 2489 271 2583 Quod
299 2491 462 2563 deviatio
488 2490 630 2562 caeteris
657 2489 807 2584 paribus
833 2489 953 2561 minor
977 2502 1035 2559 est
1060 2487 1123 2559 ubi
1150 2487 1267 2559 cauda
1293 2488 1477 2585 obliquior
1493 2507 1550 2564 est
1567 2494 1615 2565 ad

104 2650 106 2655 ·
135 2607 286 2679 orbem
313 2622 477 2692 cometae,
497 2622 538 2679 ut
567 2605 603 2677 81
630 2605 693 2677 ubi
720 2621 832 2700 caput
861 2619 1015 2678 cometae
1046 2603 1094 2675 ad
1126 2602 1241 2676 solem
1273 2607 1424 2702 propius
1452 2610 1614 2694 accedit;

158 2724 362 2819 praesertim
380 2724 411 2795 si
429 2739 616 2819 spectetur
633 2722 854 2795 deviationis
872 2719 1029 2818 angulus
1041 2721 1149 2817 juxta
1167 2740 1278 2816 caput
1295 2742 1459 2798 cometae.
1517 2727 1612 2801 Prae-

158 2857 259 2912 terea
290 2839 390 2936 quod
421 2840 551 2912 caudae
583 2864 656 2912 non
688 2839 881 2910 deviantes
912 2829 1093 2933 apparent
1124 2855 1243 2925 rectae,
1271 2841 1465 2917 deviantes
1493 2861 1617 2919 autem

159 2958 404 3030 incurvantur.
460 2954 574 3050 Quod
603 2971 798 3027 curvatura
827 2955 944 3051 major
970 2970 1027 3026 est
1057 2956 1119 3028 ubi
1151 2958 1270 3054 major
1295 2975 1353 3032 est
1381 2961 1553 3048 deviatio,
1583 2963 1618 3035 82
1741 3036 1750 3048 ,

160 3074 278 3171 magis
304 3071 486 3145 sensibilis
505 3072 566 3146 ubi
585 3072 703 3144 cauda
721 3073 864 3145 caeteris
882 3072 1031 3167 paribus
1050 3070 1195 3171 longior
1211 3091 1293 3150 est:
1322 3104 1406 3151 nam
1434 3079 1470 3151 in
1498 3080 1617 3153 brevi-

159 3192 284 3264 oribus
315 3207 510 3262 curvatura
544 3215 644 3288 aegre
679 3190 994 3263 animadvertitur.
1063 3190 1176 3284 Quod
1203 3193 1426 3267 deviationis
1461 3195 1618 3293 angulus

160 3310 280 3383 minor
313 3325 370 3381 est
399 3309 508 3405 juxta
541 3325 654 3403 caput
688 3324 853 3393 cometae,
889 3309 1007 3405 major
1039 3309 1149 3404 juxta
1183 3310 1311 3383 caudae
1346 3311 1617 3385 extremitatem

160 3427 322 3512 alteram,
342 3443 454 3523 atque
483 3427 567 3499 ideo
586 3425 687 3522 quod
714 3426 832 3499 cauda
858 3451 1027 3498 convexo
1046 3426 1103 3496 sui
1130 3423 1244 3497 latere
1271 3441 1394 3520 partes
1423 3427 1571 3522 respicit
1596 3454 1619 3500 a

160 3545 295 3638 quibus
331 3544 372 3616 lit
406 3544 580 3632 deviatio,
610 3567 769 3637 quaeque
806 3543 841 3613 in
874 3556 973 3612 recta
1003 3557 1090 3611 sunt
1123 3538 1221 3612 linea
1250 3565 1273 3611 a
1302 3540 1381 3613 sole
1416 3567 1483 3636 per
1509 3562 1620 3639 caput

160 3677 315 3732 cometae
345 3660 382 3731 in
414 3660 595 3731 infinitum
625 3658 744 3730 ducta.
801 3658 853 3728 Et
880 3654 981 3751 quod
1014 3655 1141 3727 caudae
1171 3680 1256 3750 quae
1286 3655 1502 3751 prolixiores
1533 3676 1620 3734 sunt

85 3854 89 3860 ,
161 3773 381 3858 &latiores
410 3775 445 3847 dc
475 3774 555 3848 luce
586 3774 777 3871 vegetiore
808 3774 952 3856 micant,
981 3773 1055 3844 sint
1085 3772 1132 3844 ad
1164 3770 1279 3845 latera
1309 3800 1477 3849 convexa
1508 3777 1618 3873 paulo

161 3889 429 3987 splendidiores
449 3890 484 3962 82
510 3889 625 3963 limite
650 3890 771 3962 minus
789 3890 1001 3963 indistincto
1020 3889 1224 3963 terminatae
1245 3915 1358 3985 quam
1375 3878 1614 3970 adconcava.

164 4008 333 4081 Pendent
351 4007 462 4104 igitur
479 4007 725 4102 phaenomena
739 4007 866 4079 caudae
885 4033 907 4078 a
925 4023 1027 4079 motu
1042 4006 1181 4101 capitis,
1198 4031 1271 4080 non
1284 4024 1407 4081 autem
1426 4036 1448 4081 a
1467 4012 1618 4107 regione

162 4127 244 4200 coeli
263 4129 300 4199 in
319 4152 393 4222 qua
410 4142 520 4221 caput
538 4126 779 4221 conspicitur;
807 4126 843 4198 82
861 4140 1056 4220 propterea
1076 4150 1149 4198 non
1169 4125 1261 4197 liunt
1278 4151 1345 4221 per
1361 4128 1617 4204 refractionem

162 4243 347 4330 coelorum,
367 4243 434 4315 sed
461 4269 484 4315 a
509 4244 629 4339 capite
657 4243 919 4338 suppeditante
948 4242 1138 4315 materiam
1167 4243 1341 4318 oriuntur.
1398 4245 1549 4319 Etenim
1578 4264 1619 4321 ut

163 4363 199 4434 in
228 4375 313 4435 aere
342 4376 468 4434 nostro
494 4359 616 4433 fumus
645 4362 807 4456 corporis
836 4359 997 4456 cujusvis
1029 4359 1133 4456 igniti
1161 4360 1255 4454 petit
1280 4361 1478 4456 superiora,
1507 4365 1618 4461 idque

162 4477 222 4551 vel
247 4476 598 4574 perpendiculariter
615 4477 645 4549 si
663 4503 796 4573 corpus
814 4477 988 4573 quiescat,
1008 4476 1067 4549 vel
1094 4475 1244 4572 oblique
1272 4479 1301 4549 si
1329 4504 1462 4574 corpus
1491 4507 1616 4556 move-

162 4611 245 4669 atur
273 4595 308 4667 in
337 4592 457 4666 latus:
485 4594 536 4666 ita
564 4594 600 4666 in
628 4593 740 4680 coelis,
760 4595 821 4667 ubi
851 4618 1004 4688 corpora
1031 4594 1219 4690 gravitant
1247 4595 1283 4666 in
1310 4594 1435 4682 solem,
1464 4597 1552 4671 sumi
1583 4601 1618 4673 81

163 4739 321 4810 vapores
349 4709 549 4784 ascendere
576 4711 715 4784 debent
742 4738 764 4784 a
792 4710 870 4784 sole
900 4710 967 4806 (uti
990 4711 1068 4807 jam
1097 4711 1235 4786 dictum
1265 4714 1335 4811 est)
1367 4714 1402 4787 8r
1430 4717 1620 4811 superiora
