4110 5782
401 422 471 490 288
881 413 947 470 DE
968 414 1104 472 MOTU
1123 412 1378 472 CORPORUM

398 613 562 688 tionales.
594 610 796 708 Erigantur
809 604 1072 704 perpendicula
1085 607 1125 677 A
1135 607 1190 691 H,
1210 606 1285 691 Bl,
1308 604 1394 690 CK,
1413 604 1455 675 D
1466 603 1512 688 L,
1532 603 1573 673 E
1582 603 1640 687 M,
1660 603 1761 687 FN,
1783 602 1848 674 &c

398 756 482 826 quae
501 730 575 801 sint
593 742 633 800 ut
656 727 857 800 densitates
882 724 993 796 medii
1020 724 1055 795 in
1080 721 1168 795 locis
1187 724 1239 809 A,
1258 723 1305 807 B,
1328 721 1366 806 C,
1386 720 1435 805 D,
1455 720 1503 803 E,
1523 720 1564 790 F
1568 750 1583 804 ,·
1609 718 1645 790 &
1671 719 1852 814 specificae

1184 838 1397 910 ΑΗΒ]
1431 837 1515 908 CK

397 906 600 1002 gravitates
636 903 672 974 in
708 902 838 973 iisdem
873 898 962 972 locis
988 914 1095 972 erunt
1122 912 1163 969 ut
1186 938 1282 946 -—
1317 935 1389 945 —-
1425 937 1522 973 —-,
1554 894 1619 968 &c
1650 893 1719 980 vel,
1752 896 1852 991 quod

1189 951 1513 1031 AS'BSCS

701 1065 915 1137 AHBI
948 1062 1037 1134 CK

398 1129 552 1224 perinde
565 1141 632 1215 est,
643 1141 799 1199 ut-—
841 1164 914 1172 —-
946 1163 1040 1198 -,
1063 1120 1127 1195 &c
1169 1120 1289 1216 Finge
1302 1118 1461 1214 primum
1476 1118 1543 1189 has
1555 1118 1758 1214 gravitates
1773 1119 1850 1190 uni-

368 1307 376 1323 '
396 1308 561 1380 formiter
586 1304 789 1379 continuari
824 1303 872 1374 ab
903 1301 943 1372 A
968 1300 1016 1372 ad
1038 1301 1085 1385 B,
1104 1326 1127 1372 a
1144 1301 1182 1372 B
1199 1299 1246 1372 ad
1268 1300 1307 1385 C,
1327 1325 1349 1371 a
1375 1300 1409 1373 C
1421 1299 1468 1370 ad
1488 1299 1537 1383 D,
1558 1298 1623 1371 &c
1653 1299 1758 1372 sactis
1786 1325 1852 1394 per

394 1422 532 1521 gradus
564 1419 807 1494 decrementis
837 1419 873 1489 in
900 1417 1045 1512 punctis
1071 1417 1117 1502 B,
1140 1417 1179 1501 C,
1199 1416 1249 1502 D,
1277 1415 1343 1487 &c
1404 1414 1456 1486 Et

395 1540 454 1613 hae
470 1539 672 1637 gravitates
690 1538 811 1609 ductae
830 1536 866 1606 in
885 1533 1096 1606 altitudines
1123 1534 1163 1605 A
1178 1534 1224 1618 B,
1248 1534 1288 1603 Β
1302 1534 1340 1617 C,
1364 1533 1398 1604 C
1403 1532 1454 1616 D,

396 1656 462 1728 &c
478 1655 673 1728 conficient
691 1652 899 1749 pressiones
913 1652 954 1723 A
963 1651 1018 1737 H,
1036 1651 1112 1735 ΒΙ,
1134 1649 1222 1735 CK,
1239 1648 1303 1721 &c
1321 1649 1455 1744 quibus
1532 1656 1537 1666 ‘

395 1771 550 1844 fundum
564 1772 604 1842 A
628 1771 665 1842 T
683 1769 721 1840 V
736 1769 863 1865 (juxta
887 1765 1077 1838 theorema
1099 1763 1163 1862 xv)
1184 1780 1344 1862 urgetur.
1384 1765 1454 1837 Su-

394 1889 506 1960 stinet
524 1912 613 1984 ergo
631 1882 808 1981 particula
821 1883 861 1954 A
883 1882 1090 1977 pressiones
1109 1906 1238 1954 omnes
1253 1883 1292 1953 A
1302 1883 1357 1969 Η,
1377 1883 1452 1965 ΒΙ,

398 2003 490 2089 CK,
511 2003 552 2074 D
565 2002 611 2086 L,
631 1998 822 2098 pergendo
848 1998 884 2069 in
910 1997 1090 2070 infinitum
1105 2027 1113 2084 ;
1141 1997 1177 2069 u
1210 1996 1388 2092 particula
1416 1999 1456 2068 Β

394 2117 604 2212 pressiones
622 2140 752 2188 omnes
777 2130 912 2209 praeter
941 2113 1097 2208 primam
1124 2113 1165 2184 A
1179 2113 1230 2186 H
1234 2143 1249 2197 ,·
1276 2113 1312 2185 &
1342 2114 1452 2208 parti-

394 2230 476 2305 cula
497 2233 530 2304 C
544 2256 674 2305 omnes
693 2246 827 2326 praeter
845 2231 938 2302 duas
956 2230 1093 2325 primas
1106 2230 1211 2314 AH,
1231 2230 1308 2301 Β]
1308 2260 1322 2314 ,·
1349 2228 1384 2300 dt
1402 2229 1453 2300 sic

394 2348 593 2443 deinceps:
647 2348 805 2442 ideoque
835 2345 1023 2441 particulae
1052 2346 1180 2441 primae
1214 2347 1255 2416 A
1289 2346 1453 2418 densitas

394 2466 434 2537 A
450 2465 501 2538 H
513 2480 571 2537 est
587 2463 635 2536 ad
658 2461 846 2558 particulae
872 2460 1045 2535 secundae
1071 2462 1110 2533 B
1134 2460 1355 2534 densitatem
1381 2463 1420 2533 B
1429 2464 1459 2534 l

394 2597 434 2653 ut
452 2606 598 2653 summa
612 2581 776 2653 omnium
794 2578 1165 2658 AH÷BI÷CK
1181 2578 1320 2663 ÷DL,
1345 2579 1381 2650 in
1402 2580 1453 2650 in·
1491 2632 1511 2680 t

394 2695 548 2784 finitum,
564 2696 612 2768 ad
626 2721 809 2768 summam
823 2694 988 2767 omnium
1002 2695 1079 2766 Β]
1088 2711 1119 2773 ÷
1134 2695 1168 2766 C
1173 2695 1221 2765 K
1225 2712 1256 2774 ÷
1266 2695 1308 2766 D
1319 2695 1366 2780 L,
1382 2695 1448 2768 &c
1470 2730 1474 2737 ·

396 2811 449 2883 Et
465 2812 542 2883 Β]
555 2812 718 2884 densitas
736 2811 909 2884 secundae
926 2813 966 2882 Β
983 2829 1040 2883 est
1057 2810 1104 2883 ad
1127 2811 1215 2882 CK
1227 2811 1449 2885 densitatem
1473 2818 1591 2890 tertiae
1619 2819 1657 2903 C,
1678 2834 1718 2891 ut
1749 2847 1847 2892 sum-

394 2953 455 2999 ma
485 2928 649 3000 omnium
676 2929 715 2999 B
724 2929 753 2999 I
758 2945 789 3007 ÷
803 2928 837 3001 C
843 2928 891 3000 K
895 2945 926 3007 ÷
938 2928 1036 3012 DL,
1065 2926 1130 3001 &c
1156 2926 1204 2998 ad
1227 2952 1409 2999 summam
1428 2934 1593 3005 omnium
1616 2935 1649 3006 C
1655 2936 1703 3006 K
1708 2937 1848 3021 ÷DL,

394 3043 460 3116 &c
512 3043 609 3116 Sunt
623 3043 735 3140 igitur
752 3070 907 3117 summae
922 3043 994 3117 illae
1008 3044 1225 3116 differentiis
1244 3044 1371 3115 suisA
1386 3047 1440 3133 H,
1459 3049 1541 3136 ΒΙ,
1565 3051 1599 3123 C
1608 3052 1660 3136 K,
1681 3050 1746 3124 &c
1767 3078 1850 3147 pro-

394 3160 627 3255 portionales,
660 3178 771 3255 atque
803 3161 886 3233 ideo
914 3160 1088 3233 continue
1129 3159 1421 3254 proportionales
1456 3165 1536 3259 (per
1565 3165 1674 3263 hujus
1700 3164 1782 3240 lem.
1816 3167 1848 3263 1)

395 3275 623 3371 proindeque
647 3276 863 3349 differentia:
886 3277 927 3348 A
942 3277 998 3364 H,
1025 3276 1106 3359 ΒΙ,
1139 3275 1230 3359 CK,
1263 3274 1328 3347 &c
1363 3281 1516 3352 summis
1547 3280 1849 3376 proportionales,

394 3408 481 3465 sunt
508 3394 619 3465 etiam
648 3393 820 3465 continue
847 3390 1149 3487 proportionales.
1207 3391 1333 3483 Quare
1357 3418 1440 3465 cum
1467 3395 1670 3469 densitates
1698 3398 1734 3468 in
1761 3395 1849 3469 locis

394 3511 448 3594 A,
468 3509 514 3596 B,
539 3509 577 3592 C,
597 3508 663 3581 &c
684 3508 757 3581 sint
775 3523 815 3580 ut
832 3509 872 3580 A
887 3510 941 3594 H,
961 3509 1042 3593 BI,
1065 3508 1157 3592 CK,
1177 3506 1243 3580 &c
1262 3526 1369 3582 erunt
1383 3511 1493 3583 etiam
1508 3512 1567 3585 hae
1581 3514 1752 3585 continue
1766 3540 1848 3609 pro-

395 3624 628 3722 portionales.
687 3625 865 3722 Pergatur
892 3650 958 3720 per
983 3623 1127 3709 saltum,
1147 3624 1183 3696 u
1201 3651 1247 3696 ex
1265 3651 1374 3720 aequo
1394 3627 1429 3697 in
1448 3627 1631 3699 distantiis
1650 3629 1684 3706 S
1692 3629 1745 3713 A,
1764 3629 1798 3699 S
1809 3629 1848 3712 C,

396 3742 478 3813 SE
494 3741 667 3814 continue
684 3741 1027 3836 proportionalibus,
1047 3757 1154 3814 erunt
1172 3741 1374 3815 densitates
1392 3743 1433 3813 A
1450 3743 1504 3827 H,
1527 3743 1619 3829 CK,
1639 3744 1680 3814 E
1688 3745 1744 3814 M
1764 3768 1848 3815 con-

395 3856 497 3929 tinue
522 3855 824 3952 proportionales,
881 3857 933 3929 Et
959 3857 1091 3929 eodem
1118 3873 1346 3953 argumento,
1375 3859 1411 3929 in
1439 3858 1622 3931 distantiis
1658 3860 1850 3954 quibusvis

395 3973 568 4045 continue
595 3971 928 4067 proportionalibus
955 3973 989 4044 S
997 3972 1050 4058 A,
1076 3973 1167 4059 SD,
1194 3974 1227 4044 S
1238 3974 1281 4057 G,
1301 3973 1504 4046 densitates
1521 3975 1562 4045 A
1577 3976 1632 4059 H,
1648 3975 1690 4046 D
1701 3975 1747 4060 L,
1770 3976 1806 4047 G
1819 3976 1853 4047 0

396 4103 504 4160 erunt
529 4089 703 4161 continue
733 4088 1035 4184 proportionales.
1096 4090 1240 4162 Coeant
1265 4091 1343 4186 jam
1375 4105 1512 4183 puncta
1528 4091 1581 4173 A,
1601 4090 1649 4178 Β,
1673 4091 1712 4179 C,
1731 4091 1782 4175 D,
1802 4092 1850 4176 E,

397 4204 462 4276 &c
484 4229 529 4277 eo
547 4221 588 4275 ut
605 4204 815 4300 progressio
832 4205 1057 4300 gravitatum
1075 4206 1326 4300 specificarum
1353 4230 1375 4276 a
1401 4205 1518 4278 fundo
1548 4207 1588 4277 A
1622 4206 1669 4277 ad
1700 4207 1850 4277 summi-

397 4337 510 4393 tatem
547 4319 648 4391 fluidi
683 4319 857 4392 continua
891 4320 1074 4406 reddatur,
1112 4319 1147 4392 &
1178 4321 1214 4392 in
1245 4321 1429 4393 distantiis
1460 4323 1651 4417 quibusvis
1678 4323 1851 4396 continue

396 4433 730 4530 proportionalibus
749 4435 840 4522 SA,
856 4435 941 4520 SD,
958 4438 991 4509 S
998 4437 1040 4522 G,
1061 4437 1263 4510 densitates
1281 4438 1321 4508 A
1331 4439 1384 4523 H,
1400 4439 1496 4524 DL,
1519 4440 1555 4511 G
1562 4441 1604 4524 O,
1624 4464 1771 4534 semper
1788 4465 1850 4511 ex-

397 4552 550 4623 istentes
576 4551 747 4624 continue
774 4553 1075 4646 proportionales,
1104 4554 1306 4626 manebunt
1332 4555 1533 4627 etiamnum
1560 4556 1733 4628 continue
1768 4581 1849 4649 pro-

397 4665 630 4762 portionales.
685 4669 728 4756 Q.
743 4670 789 4742 E.
804 4670 853 4741 D.
918 4697 925 4710 ·

468 4783 583 4855 Corol.
628 4783 728 4855 Hinc
754 4784 784 4854 si
811 4784 920 4856 detur
945 4783 1108 4857 densitas
1135 4784 1236 4857 fluidi
1265 4786 1300 4857 in
1328 4786 1473 4859 duobus
1500 4785 1598 4871 locis,
1627 4802 1716 4880 puta
1742 4786 1782 4856 A
1816 4785 1851 4856 ἃ
