1583 1669
433 304 467 326 148
671 304 706 318 DE
715 304 784 319 MOTU
793 304 882 319 CORPOR
886 304 922 319 UM

430 352 527 371 intervallo
543 352 560 371 C
565 353 585 371 A
602 352 717 371 describatur
733 352 800 378 globus
818 353 898 371 exterior
914 353 961 371 DA
968 352 990 373 F,
1008 351 1026 370 &
1044 352 1092 370 intra
1109 351 1158 370 hunc

428 381 505 407 globum
514 388 526 400 a.
535 386 579 403 rota,
587 382 639 406 cujus
647 382 738 400 diameter
746 382 770 401 sit
778 382 825 405 AOy
831 382 959 400 describantur
967 382 1009 400 duae
1018 380 1158 405 semicycloides

430 411 450 429 A
453 411 475 433 Q,
484 411 504 429 A
507 411 527 432 S,
537 417 579 435 quae
587 410 663 435 globum
673 411 778 430 interiorem
787 415 866 436 tangant
875 411 892 429 in
902 411 920 433 Q
929 410 947 429 ἃ
956 411 973 429 S
981 410 999 429 δι
1007 410 1064 435 globo
1072 410 1159 429 exteriori

429 443 525 458 occurrant
540 440 558 458 in
572 440 599 458 A.
627 440 646 458 A
659 444 728 464 puncto
744 440 774 459 illo
789 440 816 462 A,
826 440 857 459 filo
872 440 892 458 A
900 440 920 458 P
930 440 949 458 T
960 439 1095 464 longitudinem
1110 439 1130 458 A
1138 439 1158 458 R

429 473 520 493 aequante,
538 469 619 493 pendeat
631 475 698 493 corpus
718 470 739 491 T,
753 469 771 488 &
785 469 811 488 im
829 470 876 488 iutra
892 468 1032 493 semicycloides
1048 469 1069 487 A
1078 468 1101 491 Q,
1114 468 1134 486 A
1142 468 1159 486 S

429 498 526 520 osculetur,
535 502 556 517 ut
568 498 642 522 quoties
654 498 756 523 pendulum
769 499 872 523 digreditur
880 505 892 517 a.
900 498 1032 523 perpendiculo
1044 498 1065 516 A
1072 498 1097 520 R,
1106 497 1157 516 filurn

429 531 482 552 parte
494 527 523 546 sui
537 528 631 551 superiore
645 528 666 546 A
673 528 692 546 P
704 527 807 552 applicetur
821 528 845 546 ad
859 527 1007 552 semicycloidem
1025 527 1074 546 illam
1086 527 1107 546 A
1115 527 1135 545 P
1142 527 1159 545 S

429 563 494 575 versus
503 563 559 581 quarn
568 557 663 582 peragitur
671 561 736 579 motus,
746 557 765 575 8:
773 557 841 575 circum
850 563 892 575 eam
901 563 934 576 ceu
943 556 1058 576 obstaculum
1067 556 1155 578 flectatur,

429 590 520 610 parteque
533 585 604 610 reliqua
612 586 631 604 P
640 586 661 608 T,
675 586 704 605 cui
713 585 828 610 semicyclois
841 586 924 605 nondum
936 586 1025 611 objicitur,
1035 585 1156 610 protendatur

428 615 447 634 in
456 615 524 634 lineam
537 620 617 637 rectam:
630 615 649 634 &
661 616 735 640 pondus
751 616 771 634 T
780 615 893 635 oscillabitur
905 616 924 634 in
936 615 1019 640 cycloide
1032 615 1076 633 data
1085 614 1154 637 QRS.

459 1215 549 1234 Occurrat
562 1215 611 1234 enim
625 1215 675 1234 filurn
688 1216 735 1234 PT
745 1219 784 1234 tum
797 1214 875 1240 cycloidi
889 1216 956 1238 QRS
967 1216 985 1234 in
1002 1216 1023 1238 T,
1032 1220 1071 1235 tum
1085 1217 1155 1236 circulo

426 1244 443 1267 Q
451 1245 468 1263 O
477 1245 494 1263 S
502 1245 520 1263 in
534 1244 555 1266 V,
564 1249 667 1269 agatur-que
677 1245 695 1263 C
702 1245 722 1263 V
725 1253 732 1266 ,·
745 1244 764 1263 8ι
772 1245 796 1263 ad
805 1244 830 1263 fili
840 1248 911 1268 partem
921 1249 989 1263 rectam
1002 1246 1021 1264 P
1030 1246 1050 1267 T,
1060 1252 1070 1264 e
1079 1247 1155 1270 punctis

424 1274 512 1292 extremis
529 1274 548 1292 P
565 1280 587 1292 ae
607 1274 628 1296 T,
643 1274 738 1299 erigantur
755 1273 886 1298 perpendicula
900 1274 920 1292 B
926 1274 949 1295 P,
969 1275 988 1293 T
995 1275 1023 1297 W,
1039 1276 1155 1294 occurrentia

424 1306 479 1321 rectae
495 1303 513 1321 C
522 1303 541 1321 V
554 1303 572 1321 in
587 1303 607 1321 B
622 1302 640 1321 &
659 1303 686 1322 W
727 1303 785 1324 Patet,
799 1309 823 1321 ex
837 1303 974 1322 constructione
989 1303 1008 1322 &
1021 1305 1087 1329 genesi
1102 1305 1154 1324 simi-

423 1332 468 1350 lium
478 1332 577 1357 figurarum
590 1332 611 1350 A
619 1332 639 1354 S,
649 1332 666 1351 S
671 1332 695 1354 R,
705 1331 836 1356 perpendicula
849 1332 879 1350 illa
891 1333 940 1354 PB,
953 1333 972 1351 T
979 1333 1006 1351 W
1011 1333 1121 1353 abscindere
1130 1334 1156 1353 de

425 1361 443 1379 C
452 1361 471 1379 V
476 1360 602 1386 longitudines
620 1361 639 1379 V
641 1362 666 1384 B,
685 1362 704 1380 V
712 1362 739 1380 W
748 1365 829 1380 rotarum
837 1361 932 1380 diametris
946 1362 997 1384 OA,
1008 1362 1051 1381 OR
1064 1363 1155 1387 aequales.

425 1390 462 1408 Est
470 1390 526 1414 igitur
537 1390 556 1408 T
558 1390 577 1408 P
585 1390 609 1408 ad
623 1390 642 1408 V
644 1391 664 1408 P
673 1390 757 1415 (duplum
766 1390 827 1408 sinum
836 1390 899 1415 anguli
913 1391 978 1409 VBP
986 1391 1078 1410 existente
1087 1391 1098 1412 ὲ
1106 1392 1127 1411 Β
1138 1393 1159 1411 V

424 1418 540 1444 radio)utB
550 1419 634 1437 WadB
643 1419 665 1442 V,
674 1426 707 1438 seu
716 1420 864 1439 A0÷ORad
873 1420 923 1441 Ao,
933 1420 952 1438 id
961 1424 990 1439 est
1000 1421 1049 1445 (cum
1057 1421 1096 1447 sint
1110 1422 1155 1441 CA
