<?xml version="1.0" encoding="UTF-8"?>
<!DOCTYPE html PUBLIC "-//W3C//DTD XHTML 1.0 Transitional//EN"
    "http://www.w3.org/TR/xhtml1/DTD/xhtml1-transitional.dtd">
<html xmlns="http://www.w3.org/1999/xhtml" xml:lang="en" lang="en">
 <head>
  <title>
</title>
<meta http-equiv="Content-Type" content="text/html;charset=utf-8" />
  <meta name='ocr-system' content='tesseract 3.04.00' />
  <meta name='ocr-capabilities' content='ocr_page ocr_carea ocr_par ocr_line ocrx_word'/>
</head>
<body>
  <div class='ocr_page' id='page_1' title='image "./sirisaacnewtons01newtgoog_0017.png"; bbox 0 0 4088 5768; ppageno 0'>
   <div class='ocr_carea' id='block_1_1' title="bbox 811 404 1414 467">
    <p class='ocr_par' dir='ltr' id='par_1_1' title="bbox 811 404 1414 467">
     <span class='ocr_line' id='line_1_1' title="bbox 811 404 1414 467; baseline -0.005 0"><span class='ocrx_word' id='word_1_1' title='bbox 811 406 872 467; x_wconf 78' lang='lat' dir='ltr'>IN</span> <span class='ocrx_word' id='word_1_2' title='bbox 891 405 991 465; x_wconf 78' lang='lat' dir='ltr'><em>VIR!</em></span> <span class='ocrx_word' id='word_1_3' title='bbox 1004 404 1414 466; x_wconf 78' lang='lat' dir='ltr'><em>PRAESTANTISSIMI.</em></span> 
     </span>
    </p>
   </div>
   <div class='ocr_carea' id='block_1_2' title="bbox 583 598 1627 3372">
    <p class='ocr_par' dir='ltr' id='par_1_2' title="bbox 583 598 1627 1167">
     <span class='ocr_line' id='line_1_2' title="bbox 585 598 1594 699; baseline -0.002 -24"><span class='ocrx_word' id='word_1_4' title='bbox 585 600 760 699; x_wconf 65' lang='lat' dir='ltr'>Quaeque</span> <span class='ocrx_word' id='word_1_5' title='bbox 776 599 924 675; x_wconf 92' lang='lat' dir='ltr'>scholas</span> <span class='ocrx_word' id='word_1_6' title='bbox 940 598 1076 673; x_wconf 80' lang='lat' dir='ltr'>frustra</span> <span class='ocrx_word' id='word_1_7' title='bbox 1094 623 1206 674; x_wconf 90' lang='lat' dir='ltr'>rauco</span> <span class='ocrx_word' id='word_1_8' title='bbox 1221 599 1425 674; x_wconf 85' lang='lat' dir='ltr'>certamine</span> <span class='ocrx_word' id='word_1_9' title='bbox 1442 615 1594 685; x_wconf 86' lang='lat' dir='ltr'>vexant,</span> 
     </span>
     <span class='ocr_line' id='line_1_3' title="bbox 585 714 1561 813; baseline -0.004 -20"><span class='ocrx_word' id='word_1_10' title='bbox 585 718 712 793; x_wconf 87' lang='lat' dir='ltr'>Obvia</span> <span class='ocrx_word' id='word_1_11' title='bbox 728 716 986 813; x_wconf 86' lang='lat' dir='ltr'>conspicimus,</span> <span class='ocrx_word' id='word_1_12' title='bbox 1005 716 1143 791; x_wconf 91' lang='lat' dir='ltr'>nubem</span> <span class='ocrx_word' id='word_1_13' title='bbox 1160 714 1323 813; x_wconf 84' lang='lat' dir='ltr'><strong>pellente</strong></span> <span class='ocrx_word' id='word_1_14' title='bbox 1340 716 1509 792; x_wconf 89' lang='lat' dir='ltr'>mathesi.</span> <span class='ocrx_word' id='word_1_15' title='bbox 1556 736 1561 741; x_wconf 82' lang='lat'>·</span> 
     </span>
     <span class='ocr_line' id='line_1_4' title="bbox 583 831 1471 934; baseline -0.003 -24"><span class='ocrx_word' id='word_1_16' title='bbox 583 837 670 934; x_wconf 89' lang='lat' dir='ltr'>Jam</span> <span class='ocrx_word' id='word_1_17' title='bbox 687 834 822 908; x_wconf 91' lang='lat' dir='ltr'>dubios</span> <span class='ocrx_word' id='word_1_18' title='bbox 839 831 939 906; x_wconf 92' lang='lat' dir='ltr'>nulla</span> <span class='ocrx_word' id='word_1_19' title='bbox 955 831 1114 932; x_wconf 72' lang='lat' dir='ltr'>ealigine</span> <span class='ocrx_word' id='word_1_20' title='bbox 1131 848 1343 931; x_wconf 74' lang='lat' dir='ltr'>praegravat</span> <span class='ocrx_word' id='word_1_21' title='bbox 1359 860 1471 919; x_wconf 87' lang='lat' dir='ltr'>error,</span> 
     </span>
     <span class='ocr_line' id='line_1_5' title="bbox 587 947 1627 1048; baseline -0.003 -23"><span class='ocrx_word' id='word_1_22' title='bbox 587 953 706 1048; x_wconf 86' lang='lat' dir='ltr'>Queis</span> <span class='ocrx_word' id='word_1_23' title='bbox 723 975 900 1047; x_wconf 87' lang='lat' dir='ltr'>superum</span> <span class='ocrx_word' id='word_1_24' title='bbox 918 965 1114 1047; x_wconf 87' lang='lat' dir='ltr'>penetrare</span> <span class='ocrx_word' id='word_1_25' title='bbox 1130 949 1264 1023; x_wconf 90' lang='lat' dir='ltr'>domos</span> <span class='ocrx_word' id='word_1_26' title='bbox 1280 965 1395 1047; x_wconf 91' lang='lat' dir='ltr'>atque</span> <span class='ocrx_word' id='word_1_27' title='bbox 1411 949 1530 1024; x_wconf 90' lang='lat' dir='ltr'>ardua</span> <span class='ocrx_word' id='word_1_28' title='bbox 1546 947 1627 1024; x_wconf 81' lang='lat' dir='ltr'>caeli</span> 
     </span>
     <span class='ocr_line' id='line_1_6' title="bbox 587 1066 1471 1167; baseline -0.003 -23"><span class='ocrx_word' id='word_1_29' title='bbox 587 1068 778 1144; x_wconf 89' lang='lat' dir='ltr'>Scandere</span> <span class='ocrx_word' id='word_1_30' title='bbox 799 1066 968 1141; x_wconf 91' lang='lat' dir='ltr'>sublimis</span> <span class='ocrx_word' id='word_1_31' title='bbox 983 1067 1085 1167; x_wconf 84' lang='lat' dir='ltr'>genii</span> <span class='ocrx_word' id='word_1_32' title='bbox 1102 1067 1287 1141; x_wconf 85' lang='lat' dir='ltr'>concessit</span> <span class='ocrx_word' id='word_1_33' title='bbox 1303 1092 1471 1141; x_wconf 88' lang='lat' dir='ltr'>acumen.</span> 
     </span>
    </p>

    <p class='ocr_par' dir='ltr' id='par_1_3' title="bbox 584 1182 1593 3032">
     <span class='ocr_line' id='line_1_7' title="bbox 636 1182 1475 1282; baseline -0.004 -23"><span class='ocrx_word' id='word_1_34' title='bbox 636 1184 789 1282; x_wconf 85' lang='lat' dir='ltr'>Surgite</span> <span class='ocrx_word' id='word_1_35' title='bbox 806 1182 992 1275; x_wconf 79' lang='lat' dir='ltr'>mortales,</span> <span class='ocrx_word' id='word_1_36' title='bbox 1011 1198 1177 1257; x_wconf 89' lang='lat' dir='ltr'>terrenas</span> <span class='ocrx_word' id='word_1_37' title='bbox 1195 1183 1331 1257; x_wconf 91' lang='lat' dir='ltr'>mittite</span> <span class='ocrx_word' id='word_1_38' title='bbox 1347 1209 1475 1270; x_wconf 85' lang='lat' dir='ltr'>curas;</span> 
     </span>
     <span class='ocr_line' id='line_1_8' title="bbox 587 1299 1531 1399; baseline -0.002 -23"><span class='ocrx_word' id='word_1_39' title='bbox 587 1302 717 1399; x_wconf 86' lang='lat' dir='ltr'>Atque</span> <span class='ocrx_word' id='word_1_40' title='bbox 734 1302 820 1375; x_wconf 92' lang='lat' dir='ltr'>hinc</span> <span class='ocrx_word' id='word_1_41' title='bbox 837 1299 1027 1399; x_wconf 73' lang='lat' dir='ltr'>caeligenae</span> <span class='ocrx_word' id='word_1_42' title='bbox 1043 1301 1143 1375; x_wconf 90' lang='lat' dir='ltr'>vires</span> <span class='ocrx_word' id='word_1_43' title='bbox 1159 1301 1369 1399; x_wconf 86' lang='lat' dir='ltr'>dignoscite</span> <span class='ocrx_word' id='word_1_44' title='bbox 1386 1301 1531 1386; x_wconf 90' lang='lat' dir='ltr'>mentis,</span> 
     </span>
     <span class='ocr_line' id='line_1_9' title="bbox 588 1415 1402 1516; baseline 0.001 -24"><span class='ocrx_word' id='word_1_45' title='bbox 588 1418 626 1492; x_wconf 87' lang='lat' dir='ltr'><strong>A</strong></span> <span class='ocrx_word' id='word_1_46' title='bbox 645 1418 831 1516; x_wconf 90' lang='lat' dir='ltr'>pecudum</span> <span class='ocrx_word' id='word_1_47' title='bbox 849 1419 928 1491; x_wconf 89' lang='lat' dir='ltr'>vita</span> <span class='ocrx_word' id='word_1_48' title='bbox 944 1415 1056 1516; x_wconf 86' lang='lat' dir='ltr'>longe</span> <span class='ocrx_word' id='word_1_49' title='bbox 1073 1415 1222 1515; x_wconf 88' lang='lat' dir='ltr'>lateque</span> <span class='ocrx_word' id='word_1_50' title='bbox 1240 1435 1402 1493; x_wconf 86' lang='lat' dir='ltr'>remotae.</span> 
     </span>
     <span class='ocr_line' id='line_1_10' title="bbox 593 1534 1518 1634; baseline 0 -26"><span class='ocrx_word' id='word_1_51' title='bbox 593 1536 669 1629; x_wconf 86' lang='lat' dir='ltr'>Qui</span> <span class='ocrx_word' id='word_1_52' title='bbox 688 1536 834 1631; x_wconf 90' lang='lat' dir='ltr'>scriptis</span> <span class='ocrx_word' id='word_1_53' title='bbox 846 1535 959 1634; x_wconf 90' lang='lat' dir='ltr'>jussit</span> <span class='ocrx_word' id='word_1_54' title='bbox 979 1534 1114 1609; x_wconf 87' lang='lat' dir='ltr'>tabulis</span> <span class='ocrx_word' id='word_1_55' title='bbox 1131 1560 1368 1632; x_wconf 84' lang='lat' dir='ltr'>compescere</span> <span class='ocrx_word' id='word_1_56' title='bbox 1385 1534 1518 1621; x_wconf 83' lang='lat' dir='ltr'>caedes,</span> 
     </span>
     <span class='ocr_line' id='line_1_11' title="bbox 589 1650 1547 1750; baseline -0.002 -25"><span class='ocrx_word' id='word_1_57' title='bbox 589 1653 706 1725; x_wconf 87' lang='lat' dir='ltr'>Furta</span> <span class='ocrx_word' id='word_1_58' title='bbox 722 1651 759 1726; x_wconf 68' lang='lat'>81</span> <span class='ocrx_word' id='word_1_59' title='bbox 776 1650 966 1737; x_wconf 87' lang='lat' dir='ltr'>adulteria,</span> <span class='ocrx_word' id='word_1_60' title='bbox 985 1650 1022 1725; x_wconf 68' lang='lat'>81</span> <span class='ocrx_word' id='word_1_61' title='bbox 1039 1652 1198 1750; x_wconf 83' lang='lat' dir='ltr'>perjurae</span> <span class='ocrx_word' id='word_1_62' title='bbox 1214 1652 1368 1725; x_wconf 90' lang='lat' dir='ltr'>crimina</span> <span class='ocrx_word' id='word_1_63' title='bbox 1385 1651 1547 1737; x_wconf 85' lang='lat' dir='ltr'>fraudis;</span> 
     </span>
     <span class='ocr_line' id='line_1_12' title="bbox 588 1767 1570 1867; baseline -0.001 -26"><span class='ocrx_word' id='word_1_64' title='bbox 588 1768 714 1863; x_wconf 88' lang='lat' dir='ltr'>Quive</span> <span class='ocrx_word' id='word_1_65' title='bbox 732 1769 837 1867; x_wconf 86' lang='lat' dir='ltr'>vagis</span> <span class='ocrx_word' id='word_1_66' title='bbox 855 1767 1002 1866; x_wconf 90' lang='lat' dir='ltr'>populis</span> <span class='ocrx_word' id='word_1_67' title='bbox 1020 1769 1235 1843; x_wconf 88' lang='lat' dir='ltr'>circundare</span> <span class='ocrx_word' id='word_1_68' title='bbox 1252 1768 1439 1841; x_wconf 81' lang='lat' dir='ltr'>moenibus</span> <span class='ocrx_word' id='word_1_69' title='bbox 1458 1768 1570 1841; x_wconf 92' lang='lat' dir='ltr'>urbes</span> 
     </span>
     <span class='ocr_line' id='line_1_13' title="bbox 588 1885 1559 1984; baseline 0.002 -27"><span class='ocrx_word' id='word_1_70' title='bbox 588 1885 734 1959; x_wconf 85' lang='lat' dir='ltr'>Auctor</span> <span class='ocrx_word' id='word_1_71' title='bbox 749 1900 849 1973; x_wconf 90' lang='lat' dir='ltr'>erat;</span> <span class='ocrx_word' id='word_1_72' title='bbox 877 1886 1074 1961; x_wconf 89' lang='lat' dir='ltr'>Cererisve</span> <span class='ocrx_word' id='word_1_73' title='bbox 1090 1886 1217 1960; x_wconf 86' lang='lat' dir='ltr'>beavit</span> <span class='ocrx_word' id='word_1_74' title='bbox 1234 1911 1388 1959; x_wconf 90' lang='lat' dir='ltr'>munere</span> <span class='ocrx_word' id='word_1_75' title='bbox 1404 1901 1559 1984; x_wconf 56' lang='lat' dir='ltr'>genten</span> 
     </span>
     <span class='ocr_line' id='line_1_14' title="bbox 588 2001 1440 2100; baseline 0 -27"><span class='ocrx_word' id='word_1_76' title='bbox 588 2001 658 2077; x_wconf 87' lang='lat' dir='ltr'>Vel</span> <span class='ocrx_word' id='word_1_77' title='bbox 678 2002 741 2100; x_wconf 92' lang='lat' dir='ltr'>qui</span> <span class='ocrx_word' id='word_1_78' title='bbox 759 2027 929 2076; x_wconf 87' lang='lat' dir='ltr'>curarum</span> <span class='ocrx_word' id='word_1_79' title='bbox 946 2002 1107 2079; x_wconf 86' lang='lat' dir='ltr'>lenimen</span> <span class='ocrx_word' id='word_1_80' title='bbox 1125 2002 1262 2099; x_wconf 87' lang='lat' dir='ltr'>pressit</span> <span class='ocrx_word' id='word_1_81' title='bbox 1279 2002 1328 2075; x_wconf 91' lang='lat' dir='ltr'>ab</span> <span class='ocrx_word' id='word_1_82' title='bbox 1345 2026 1440 2088; x_wconf 89' lang='lat' dir='ltr'>uva;</span> 
     </span>
     <span class='ocr_line' id='line_1_15' title="bbox 587 2117 1485 2217; baseline -0.001 -26"><span class='ocrx_word' id='word_1_83' title='bbox 587 2117 660 2194; x_wconf 90' lang='lat' dir='ltr'>Vel</span> <span class='ocrx_word' id='word_1_84' title='bbox 679 2119 743 2217; x_wconf 93' lang='lat' dir='ltr'>qui</span> <span class='ocrx_word' id='word_1_85' title='bbox 764 2118 799 2192; x_wconf 94' lang='lat' dir='ltr'>N</span> <span class='ocrx_word' id='word_1_86' title='bbox 805 2117 911 2193; x_wconf 88' lang='lat' dir='ltr'>iliaca</span> <span class='ocrx_word' id='word_1_87' title='bbox 928 2119 1150 2194; x_wconf 91' lang='lat' dir='ltr'>monstravit</span> <span class='ocrx_word' id='word_1_88' title='bbox 1165 2117 1346 2192; x_wconf 90' lang='lat' dir='ltr'>arundine</span> <span class='ocrx_word' id='word_1_89' title='bbox 1366 2119 1485 2214; x_wconf 90' lang='lat' dir='ltr'>pictos</span> 
     </span>
     <span class='ocr_line' id='line_1_16' title="bbox 588 2235 1525 2334; baseline -0.003 -23"><span class='ocrx_word' id='word_1_90' title='bbox 588 2236 813 2311; x_wconf 88' lang='lat' dir='ltr'>Consociare</span> <span class='ocrx_word' id='word_1_91' title='bbox 831 2261 956 2327; x_wconf 86' lang='lat' dir='ltr'>sonos,</span> <span class='ocrx_word' id='word_1_92' title='bbox 972 2235 1164 2334; x_wconf 88' lang='lat' dir='ltr'>oculisque</span> <span class='ocrx_word' id='word_1_93' title='bbox 1181 2261 1371 2332; x_wconf 89' lang='lat' dir='ltr'>exponere</span> <span class='ocrx_word' id='word_1_94' title='bbox 1390 2259 1525 2320; x_wconf 90' lang='lat' dir='ltr'>voces;</span> 
     </span>
     <span class='ocr_line' id='line_1_17' title="bbox 589 2351 1571 2450; baseline -0.001 -24"><span class='ocrx_word' id='word_1_95' title='bbox 589 2353 807 2427; x_wconf 89' lang='lat' dir='ltr'>Humanam</span> <span class='ocrx_word' id='word_1_96' title='bbox 825 2369 964 2428; x_wconf 86' lang='lat' dir='ltr'>sortem</span> <span class='ocrx_word' id='word_1_97' title='bbox 982 2355 1104 2428; x_wconf 90' lang='lat' dir='ltr'>minus</span> <span class='ocrx_word' id='word_1_98' title='bbox 1122 2351 1277 2429; x_wconf 83' lang='lat' dir='ltr'>extulit:</span> <span class='ocrx_word' id='word_1_99' title='bbox 1304 2369 1435 2450; x_wconf 87' lang='lat' dir='ltr'>utpote</span> <span class='ocrx_word' id='word_1_100' title='bbox 1452 2376 1571 2449; x_wconf 87' lang='lat' dir='ltr'>pauca</span> 
     </span>
     <span class='ocr_line' id='line_1_18' title="bbox 588 2469 1448 2567; baseline -0.001 -22"><span class='ocrx_word' id='word_1_101' title='bbox 588 2470 808 2567; x_wconf 87' lang='lat' dir='ltr'>Respiciens</span> <span class='ocrx_word' id='word_1_102' title='bbox 826 2471 972 2546; x_wconf 82' lang='lat' dir='ltr'>miserae</span> <span class='ocrx_word' id='word_1_103' title='bbox 989 2486 1135 2546; x_wconf 90' lang='lat' dir='ltr'>tantum</span> <span class='ocrx_word' id='word_1_104' title='bbox 1152 2470 1333 2546; x_wconf 89' lang='lat' dir='ltr'>solamina</span> <span class='ocrx_word' id='word_1_105' title='bbox 1351 2469 1448 2544; x_wconf 85' lang='lat' dir='ltr'>vitae.</span> 
     </span>
     <span class='ocr_line' id='line_1_19' title="bbox 584 2583 1470 2685; baseline -0.003 -24"><span class='ocrx_word' id='word_1_106' title='bbox 584 2587 670 2685; x_wconf 85' lang='lat' dir='ltr'>Jam</span> <span class='ocrx_word' id='word_1_107' title='bbox 689 2613 780 2662; x_wconf 90' lang='lat' dir='ltr'>vero</span> <span class='ocrx_word' id='word_1_108' title='bbox 796 2587 941 2683; x_wconf 91' lang='lat' dir='ltr'>superis</span> <span class='ocrx_word' id='word_1_109' title='bbox 959 2588 1130 2662; x_wconf 84' lang='lat' dir='ltr'>convivae</span> <span class='ocrx_word' id='word_1_110' title='bbox 1147 2587 1386 2671; x_wconf 84' lang='lat' dir='ltr'>admittimur,</span> <span class='ocrx_word' id='word_1_111' title='bbox 1405 2583 1470 2659; x_wconf 91' lang='lat' dir='ltr'>alti</span> 
     </span>
     <span class='ocr_line' id='line_1_20' title="bbox 585 2700 1497 2801; baseline -0.002 -26"><span class='ocrx_word' id='word_1_112' title='bbox 585 2702 677 2800; x_wconf 85' lang='lat' dir='ltr'>Jura</span> <span class='ocrx_word' id='word_1_113' title='bbox 694 2701 769 2800; x_wconf 90' lang='lat' dir='ltr'>poli</span> <span class='ocrx_word' id='word_1_114' title='bbox 787 2717 945 2777; x_wconf 89' lang='lat' dir='ltr'>tractare</span> <span class='ocrx_word' id='word_1_115' title='bbox 961 2700 1057 2789; x_wconf 79' lang='lat' dir='ltr'>licet,</span> <span class='ocrx_word' id='word_1_116' title='bbox 1070 2702 1225 2801; x_wconf 87' lang='lat' dir='ltr'>jamque</span> <span class='ocrx_word' id='word_1_117' title='bbox 1242 2703 1370 2776; x_wconf 88' lang='lat' dir='ltr'>abdita</span> <span class='ocrx_word' id='word_1_118' title='bbox 1387 2726 1497 2774; x_wconf 83' lang='lat' dir='ltr'>caecae</span> 
     </span>
     <span class='ocr_line' id='line_1_21' title="bbox 588 2816 1593 2914; baseline -0.002 -21"><span class='ocrx_word' id='word_1_119' title='bbox 588 2817 760 2893; x_wconf 85' lang='lat' dir='ltr'>Claustra</span> <span class='ocrx_word' id='word_1_120' title='bbox 778 2832 907 2914; x_wconf 90' lang='lat' dir='ltr'>patent</span> <span class='ocrx_word' id='word_1_121' title='bbox 923 2833 1042 2904; x_wconf 85' lang='lat' dir='ltr'>terrae,</span> <span class='ocrx_word' id='word_1_122' title='bbox 1062 2842 1258 2914; x_wconf 90' lang='lat' dir='ltr'>rerumque</span> <span class='ocrx_word' id='word_1_123' title='bbox 1277 2816 1474 2891; x_wconf 90' lang='lat' dir='ltr'>immobilis</span> <span class='ocrx_word' id='word_1_124' title='bbox 1491 2816 1593 2904; x_wconf 84' lang='lat' dir='ltr'>ordo,</span> 
     </span>
     <span class='ocr_line' id='line_1_22' title="bbox 588 2932 1439 3032; baseline -0.002 -24"><span class='ocrx_word' id='word_1_125' title='bbox 588 2935 642 3008; x_wconf 87' lang='lat' dir='ltr'>Et</span> <span class='ocrx_word' id='word_1_126' title='bbox 658 2960 743 3032; x_wconf 86' lang='lat' dir='ltr'>quae</span> <span class='ocrx_word' id='word_1_127' title='bbox 761 2934 936 3030; x_wconf 88' lang='lat' dir='ltr'>praeteriti</span> <span class='ocrx_word' id='word_1_128' title='bbox 955 2932 1141 3008; x_wconf 87' lang='lat' dir='ltr'>latuerunt</span> <span class='ocrx_word' id='word_1_129' title='bbox 1158 2932 1282 3008; x_wconf 90' lang='lat' dir='ltr'>secula</span> <span class='ocrx_word' id='word_1_130' title='bbox 1299 2933 1439 3007; x_wconf 89' lang='lat' dir='ltr'>mundi.</span> 
     </span>
    </p>

    <p class='ocr_par' dir='ltr' id='par_1_4' title="bbox 588 3049 1602 3372">
     <span class='ocr_line' id='line_1_23' title="bbox 638 3049 1602 3136; baseline -0.001 -12"><span class='ocrx_word' id='word_1_131' title='bbox 638 3050 748 3124; x_wconf 88' lang='lat' dir='ltr'>Talia</span> <span class='ocrx_word' id='word_1_132' title='bbox 765 3067 1034 3126; x_wconf 85' lang='lat' dir='ltr'>monstrantem</span> <span class='ocrx_word' id='word_1_133' title='bbox 1052 3076 1198 3125; x_wconf 88' lang='lat' dir='ltr'>mecum</span> <span class='ocrx_word' id='word_1_134' title='bbox 1216 3049 1400 3125; x_wconf 89' lang='lat' dir='ltr'>celebrate</span> <span class='ocrx_word' id='word_1_135' title='bbox 1417 3050 1602 3136; x_wconf 84' lang='lat' dir='ltr'>camaenis,</span> 
     </span>
     <span class='ocr_line' id='line_1_24' title="bbox 588 3165 1453 3267; baseline 0.002 -28"><span class='ocrx_word' id='word_1_136' title='bbox 588 3166 669 3243; x_wconf 90' lang='lat' dir='ltr'>Vos</span> <span class='ocrx_word' id='word_1_137' title='bbox 687 3171 710 3243; x_wconf 83' lang='grc' dir='ltr'>ὀ</span> <span class='ocrx_word' id='word_1_138' title='bbox 728 3165 931 3242; x_wconf 71' lang='lat' dir='ltr'>caelicolum</span> <span class='ocrx_word' id='word_1_139' title='bbox 947 3168 1156 3267; x_wconf 75' lang='lat' dir='ltr'>gaudentes</span> <span class='ocrx_word' id='word_1_140' title='bbox 1175 3184 1322 3243; x_wconf 89' lang='lat' dir='ltr'>nectare</span> <span class='ocrx_word' id='word_1_141' title='bbox 1340 3168 1453 3259; x_wconf 86' lang='lat' dir='ltr'>vesci,</span> 
     </span>
     <span class='ocr_line' id='line_1_25' title="bbox 589 3283 1457 3372; baseline 0.001 -14"><span class='ocrx_word' id='word_1_142' title='bbox 589 3284 625 3358; x_wconf 94' lang='lat' dir='ltr'>N</span> <span class='ocrx_word' id='word_1_143' title='bbox 631 3308 823 3359; x_wconf 71' lang='lat' dir='ltr'>auronum</span> <span class='ocrx_word' id='word_1_144' title='bbox 841 3283 954 3358; x_wconf 90' lang='lat' dir='ltr'>clausi</span> <span class='ocrx_word' id='word_1_145' title='bbox 973 3300 1198 3360; x_wconf 75' lang='lat' dir='ltr'>reserantem</span> <span class='ocrx_word' id='word_1_146' title='bbox 1217 3285 1351 3359; x_wconf 88' lang='lat' dir='ltr'>scrinia</span> <span class='ocrx_word' id='word_1_147' title='bbox 1367 3286 1457 3372; x_wconf 88' lang='lat' dir='ltr'>veri,</span> 
     </span>
    </p>
   </div>
   <div class='ocr_carea' id='block_1_3' title="bbox 589 3400 1607 3736">
    <p class='ocr_par' dir='ltr' id='par_1_5' title="bbox 589 3400 1607 3736">
     <span class='ocr_line' id='line_1_26' title="bbox 590 3400 1506 3500; baseline 0.004 -26"><span class='ocrx_word' id='word_1_148' title='bbox 590 3400 824 3476; x_wconf 75' lang='lat' dir='ltr'>anrouuu</span> <span class='ocrx_word' id='word_1_149' title='bbox 845 3400 967 3475; x_wconf 90' lang='lat' dir='ltr'>Musis</span> <span class='ocrx_word' id='word_1_150' title='bbox 985 3402 1147 3489; x_wconf 90' lang='lat' dir='ltr'>charum,</span> <span class='ocrx_word' id='word_1_151' title='bbox 1166 3403 1224 3476; x_wconf 91' lang='lat' dir='ltr'>cui</span> <span class='ocrx_word' id='word_1_152' title='bbox 1243 3419 1393 3500; x_wconf 88' lang='lat' dir='ltr'>pectore</span> <span class='ocrx_word' id='word_1_153' title='bbox 1411 3428 1506 3499; x_wconf 91' lang='lat' dir='ltr'>puro</span> 
     </span>
     <span class='ocr_line' id='line_1_27' title="bbox 590 3517 1607 3616; baseline 0.002 -26"><span class='ocrx_word' id='word_1_154' title='bbox 590 3518 755 3592; x_wconf 87' lang='lat' dir='ltr'>Phoebus</span> <span class='ocrx_word' id='word_1_155' title='bbox 772 3517 889 3605; x_wconf 87' lang='lat' dir='ltr'>adest,</span> <span class='ocrx_word' id='word_1_156' title='bbox 909 3533 1064 3616; x_wconf 89' lang='lat' dir='ltr'>totoque</span> <span class='ocrx_word' id='word_1_157' title='bbox 1081 3518 1231 3595; x_wconf 87' lang='lat' dir='ltr'>incessit</span> <span class='ocrx_word' id='word_1_158' title='bbox 1250 3521 1400 3596; x_wconf 91' lang='lat' dir='ltr'>numine</span> <span class='ocrx_word' id='word_1_159' title='bbox 1418 3536 1607 3596; x_wconf 91' lang='lat' dir='ltr'>mentem:</span> 
     </span>
     <span class='ocr_line' id='line_1_28' title="bbox 589 3632 1492 3736; baseline 0.007 -30"><span class='ocrx_word' id='word_1_160' title='bbox 589 3632 625 3706; x_wconf 94' lang='lat' dir='ltr'>N</span> <span class='ocrx_word' id='word_1_161' title='bbox 630 3659 674 3709; x_wconf 90' lang='lat' dir='ltr'>ec</span> <span class='ocrx_word' id='word_1_162' title='bbox 691 3632 748 3709; x_wconf 86' lang='lat' dir='ltr'>sas</span> <span class='ocrx_word' id='word_1_163' title='bbox 765 3650 824 3711; x_wconf 89' lang='lat' dir='ltr'>est</span> <span class='ocrx_word' id='word_1_164' title='bbox 840 3634 993 3734; x_wconf 91' lang='lat' dir='ltr'>propius</span> <span class='ocrx_word' id='word_1_165' title='bbox 1010 3635 1155 3712; x_wconf 87' lang='lat' dir='ltr'>mortali</span> <span class='ocrx_word' id='word_1_166' title='bbox 1173 3638 1357 3736; x_wconf 86' lang='lat' dir='ltr'>attingere</span> <span class='ocrx_word' id='word_1_167' title='bbox 1374 3638 1492 3712; x_wconf 90' lang='lat' dir='ltr'>divos.</span> 
     </span>
    </p>
   </div>
   <div class='ocr_carea' id='block_1_4' title="bbox 1294 3814 1739 3892">
    <p class='ocr_par' dir='ltr' id='par_1_6' title="bbox 1294 3814 1739 3892">
     <span class='ocr_line' id='line_1_29' title="bbox 1294 3814 1739 3892; baseline -0.011 0"><span class='ocrx_word' id='word_1_168' title='bbox 1294 3818 1434 3892; x_wconf 83' lang='lat' dir='ltr'><em>EDM.</em></span> <span class='ocrx_word' id='word_1_169' title='bbox 1481 3814 1739 3891; x_wconf 68' lang='lat' dir='ltr'>HALLEl&#39;.</span> 
     </span>
    </p>
   </div>
   <div class='ocr_carea' id='block_1_5' title="bbox 0 0 2058 5768">
    <p class='ocr_par' dir='ltr' id='par_1_7' title="bbox 0 0 2058 5768">
     <span class='ocr_line' id='line_1_30' title="bbox 0 0 2058 5768; baseline 0 0"><span class='ocrx_word' id='word_1_170' title='bbox 0 0 2058 5768; x_wconf 95' lang='lat' dir='ltr'> </span> 
     </span>
    </p>
   </div>
  </div>
 </body>
</html>
