4088 5768
735 404 877 465 LIBER
901 406 1101 469 TERTIUS.
1580 429 1650 502 5²5

197 595 370 672 volvetur
386 595 446 670 hic
463 611 608 671 cometa
634 599 755 694 spatio
785 626 966 675 annorum
988 623 1043 695 75,
1066 600 1199 676 &axis
1225 601 1344 700 major
1367 602 1467 675 orbis
1485 603 1566 700 ejus
1584 604 1654 677 erit

196 716 245 789 ad
276 740 385 788 axem
412 715 588 812 majorem
615 716 713 789 orbis
741 718 876 816 magni,
896 736 936 793 ut
972 717 1053 811 dc:
1083 740 1225 813 75x75
1256 720 1304 792 ad
1339 744 1365 806 1,
1385 746 1450 793 seu
1485 725 1577 813 1778
1606 722 1654 793 ad

203 857 272 907 100
290 832 439 906 circiter.
496 832 549 905 Et
566 833 740 907 distantia
758 833 903 931 aphelia
921 852 1075 909 cometae
1093 837 1202 934 hujus
1220 863 1243 910 a
1259 836 1337 911 sole
1361 839 1430 911 erit
1448 839 1496 911 ad
1514 839 1654 912 distan-

197 949 286 1023 tiam
315 948 537 1022 mediocrem
566 964 673 1023 terrae
697 977 720 1023 a
744 950 832 1036 sole,
852 970 892 1027 ut
920 975 964 1045 35
993 953 1041 1025 ad
1066 977 1078 1024 1
1102 953 1251 1028 circiter.
1319 952 1465 1047 Quibus
1497 957 1654 1054 cognitis

198 1065 297 1139 haud
332 1064 480 1139 difficile
514 1065 623 1139 suerit
657 1067 785 1141 orbem
829 1067 1028 1164 ellipticum
1061 1087 1216 1144 cometae
1251 1071 1360 1169 hujus
1395 1072 1651 1148 determinare.

200 1183 328 1280 Atque
352 1183 431 1256 haec
459 1183 510 1255 ita
534 1209 575 1256 se
602 1183 793 1257 habebunt
819 1185 849 1257 si
880 1201 1025 1259 cometa
1052 1186 1174 1280 spatio
1204 1171 1385 1260 annorum
1416 1191 1656 1288 septuaginta

108 1379 109 1382 Ἴ
197 1300 361 1397 quinque
396 1301 432 1372 in
468 1300 538 1373 hoc
572 1301 663 1372 orbe
698 1302 852 1397 posthac
896 1303 1053 1375 redierit.
1136 1303 1303 1376 Cometae
1350 1302 1479 1401 reliqui
1524 1307 1654 1404 majori

199 1432 366 1515 tempore
393 1416 534 1492 revolvi
562 1417 799 1491 videntur&
830 1416 938 1491 altius
967 1419 1177 1492 ascendere.

267 1535 454 1608 Caeterum
489 1550 653 1620 cometae,
690 1535 739 1607 ob
778 1559 954 1632 magnum
998 1562 1125 1609 eorum
1170 1561 1363 1610 numerum
1399 1538 1435 1610 81
1479 1563 1653 1638 magnam

198 1648 427 1746 apheliorum
462 1676 485 1721 a
518 1648 597 1724 sole
631 1650 845 1723 distantiam
881 1651 917 1723 8c
951 1649 1101 1748 longam
1137 1677 1277 1725 moram
1314 1653 1350 1725 in
1386 1653 1551 1749 apheliis,
1587 1681 1655 1751 per

196 1766 399 1865 gravitates
419 1767 454 1838 in
481 1793 522 1840 se
546 1783 675 1842 mutuo
702 1766 865 1841 nonnihil
893 1768 1029 1840 turbari
1060 1768 1207 1853 debent,
1228 1766 1264 1840 8ι
1290 1794 1418 1841 eorum
1445 1772 1653 1844 eccentrici-

197 1899 292 1956 tates
323 1881 360 1955 dc
390 1882 660 1958 revolutionum
692 1901 861 1981 tempora
891 1911 987 1958 nunc
1018 1886 1144 1983 augeri
1175 1884 1453 1981 aliquantulum,
1473 1912 1570 1959 nunc
1597 1888 1651 1961 di-

200 2001 324 2073 minui.
382 2001 541 2075 Proinde
560 2029 633 2076 non
651 2019 708 2076 est
726 2003 997 2098 expectandum
1016 2019 1056 2076 ut
1075 2020 1218 2077 cometa
1237 2003 1336 2075 idem
1355 2002 1391 2075 in
1410 2003 1542 2076 eodem
1562 2005 1654 2079 orbe

198 2119 235 2191 81
253 2118 383 2192 iisdem
403 2121 631 2215 temporibus
650 2120 843 2215 periodicis
857 2137 1025 2193 accurate
1040 2120 1176 2194 redeat.
1223 2118 1368 2192 Sufficit
1386 2119 1416 2190 si
1431 2122 1655 2194 mutationes

199 2262 273 2310 non
292 2237 450 2334 majores
468 2237 696 2323 obvenerint,
716 2262 827 2333 quam
846 2262 929 2331 quae
950 2262 972 2308 a
990 2237 1109 2309 causis
1127 2235 1313 2331 praedictis
1331 2236 1503 2310 oriantur.

267 2354 319 2426 Et
349 2354 433 2427 hinc
465 2355 557 2429 ratio
588 2355 763 2439 redditur,
783 2380 847 2426 cur
876 2369 1031 2426 cometae
1063 2378 1136 2427 non
1168 2353 1531 2447 comprehendantur
1554 2356 1653 2429 zodi-

195 2496 262 2544 aco
290 2497 391 2544 more
416 2469 656 2567 planetarum,
676 2473 742 2545 sed
770 2472 856 2543 inde
883 2471 1042 2567 migrent
1069 2469 1104 2542 dc
1132 2471 1292 2544 motibus
1319 2471 1430 2543 variis
1458 2472 1494 2543 in
1521 2497 1651 2546 omnes

198 2586 375 2661 coelorum
402 2587 572 2685 regiones
598 2587 770 2662 serantur.
825 2585 974 2661 Scilicet
997 2612 1043 2660 eo
1071 2585 1153 2669 fine,
1173 2603 1214 2659 ut
1243 2588 1279 2659 in
1306 2586 1461 2684 apheliis
1488 2589 1572 2675 suiS,
1593 2590 1655 2663 ubi

198 2703 407 2777 tardissime
426 2721 630 2790 moventur,
651 2731 762 2802 quam
780 2703 994 2802 longissime
1012 2704 1151 2776 distent
1168 2704 1216 2776 ab
1235 2704 1401 2792 invicem,
1418 2705 1454 2777 81
1467 2732 1508 2778 se
1527 2724 1656 2782 mutuo

199 2848 311 2918 quam
338 2822 488 2894 minime
507 2822 663 2896 trahant.
729 2822 816 2916 Qua
833 2822 881 2894 de
899 2847 1009 2895 causa
1027 2837 1182 2895 cometae
1201 2821 1263 2918 qui
1283 2818 1391 2893 altius
1413 2823 1654 2912 descendunt,

202 2941 362 3036 ideoque
380 2940 588 3014 tardissime
607 2957 804 3015 moventur
822 2941 858 3012 in
876 2937 1040 3036 apheliis,
1060 2939 1198 3012 debent
1216 2937 1324 3011 altius
1342 2941 1551 3016 ascendere.

271 3058 437 3143 Cometa,
457 3057 520 3153 qui
538 3083 636 3133 anno
660 3061 754 3131 1680
771 3057 951 3154 apparuit,
970 3057 1090 3129 minus
1117 3056 1278 3130 distabat
1303 3082 1326 3128 a
1352 3055 1429 3130 sole
1457 3058 1493 3130 in
1511 3059 1654 3154 perihe-

200 3172 250 3248 lio
276 3200 344 3248 suo
371 3200 482 3271 quam
509 3190 613 3269 parte
644 3190 750 3248 sexta
777 3173 946 3247 diametri
979 3172 1087 3261 solis;
1127 3173 1163 3245 81
1184 3190 1335 3271 propter
1352 3200 1535 3248 summam
1555 3175 1653 3250 velo-

199 3291 348 3364 citatem
384 3292 419 3364 in
454 3291 588 3364 vicinia
624 3290 683 3364 illa
719 3291 755 3363 81
790 3291 1013 3365 densitatem
1057 3287 1217 3386 aliquam
1262 3291 1520 3386 atmosphaerae
1556 3291 1653 3377 soliS,

197 3409 443 3482 resistentiam
475 3408 687 3482 nonnullam
718 3411 856 3483 sentire
886 3409 1014 3482 debuit
1046 3407 1081 3479 &
1111 3403 1378 3502 aliquantulum
1410 3407 1586 3480 retardari
1619 3409 1654 3481 &

198 3527 349 3622 propius
384 3525 432 3597 ad
467 3524 584 3599 solem
614 3528 815 3599 accedere:
858 3525 894 3598 8ι
928 3521 1082 3622 singulis
1118 3520 1409 3597 revolutionibus
1443 3524 1655 3599 accedendo

198 3645 245 3717 ad
277 3643 394 3718 solem
414 3644 549 3717 incidet
568 3647 597 3716 is
616 3645 767 3718 tandem
799 3646 835 3716 in
863 3669 995 3739 corpus
1022 3640 1118 3717 solis,
1176 3639 1254 3712 Sed
1282 3639 1318 3711 dt
1345 3640 1380 3712 in
1407 3634 1563 3737 aplielio,
1592 3645 1654 3717 ubi

198 3760 407 3833 tardissime
435 3777 614 3846 movetur,
633 3759 832 3856 aliquando
863 3785 930 3855 per
959 3759 1215 3831 attractionem
1243 3755 1397 3830 aliorum
1428 3777 1654 3834 cometarum

199 3877 375 3950 retardari
406 3893 540 3972 potest,
574 3874 610 3948 8ι
640 3875 797 3947 subinde
829 3874 865 3946 in
900 3871 1017 3947 solem
1053 3873 1223 3946 incidere.
1294 3873 1357 3946 Sic
1392 3874 1503 3947 etiam
1538 3875 1655 3951 stellae

200 3998 292 4081 fixae,
312 4023 397 4093 quae
429 3994 606 4091 paulatim
638 3995 807 4090 expirant
838 3995 873 4066 in
902 3991 1022 4065 lucem
1050 3990 1086 4065 &
1112 4014 1280 4086 vapores,
1306 3992 1459 4065 cometis
1491 3993 1527 4066 in
1556 3994 1655 4088 ipsas

199 4113 443 4187 incidentibus
480 4111 578 4185 refici
614 4126 779 4208 possunt,
816 4110 852 4182 &
887 4134 986 4182 novo
1021 4106 1198 4181 alimento
1236 4132 1402 4181 accensae
1436 4135 1504 4205 pro
1539 4109 1655 4184 stellis

199 4230 306 4303 novis
325 4228 461 4301 haberi.
520 4227 645 4326 Hujus
672 4227 820 4326 generis
847 4243 933 4298 sunt
958 4222 1075 4298 stellae
1103 4223 1197 4309 fixae,
1218 4250 1302 4321 quae
1321 4227 1444 4298 subito
1461 4244 1653 4322 apparent,

199 4347 321 4419 &sub
341 4346 443 4419 initio
461 4371 573 4441 quarn
593 4345 753 4417 maxime
771 4343 979 4440 splendent,
996 4341 1202 4414 &subinde
1221 4340 1396 4436 paulatim
1416 4360 1651 4418 evanescunt.

200 4462 304 4534 Talis
323 4462 390 4535 luit
407 4461 514 4535 stella
532 4462 568 4535 in
586 4461 762 4535 cathedra
776 4460 1001 4556 Cassiopeiae
1016 4484 1127 4554 quarn
1145 4458 1337 4531 Cornelius
1357 4459 1507 4530 Gemma
1522 4476 1655 4536 octavo

197 4579 417 4651 Novembris
452 4601 542 4670 1572
575 4575 766 4672 lustrando
796 4575 894 4648 illam
925 4574 1008 4649 coeli
1039 4591 1181 4670 partem
1213 4590 1320 4648 nocte
1348 4600 1478 4648 serena
1504 4577 1656 4652 minime

198 4695 315 4782 vidit;
354 4711 393 4767 at
419 4710 527 4768 nocte
557 4693 726 4789 proxima
746 4692 910 4791 (Novem.
932 4693 970 4791 9)
990 4693 1085 4766 vidit
1115 4692 1197 4765 fixis
1227 4691 1398 4765 omnibus
1428 4689 1653 4786 splendidio-

200 4836 287 4899 rem,
307 4809 344 4885 &
361 4809 442 4884 luce
467 4835 535 4882 sua
560 4811 624 4883 vix
650 4810 844 4884 cedentem
871 4810 1020 4885 Veneri.
1078 4809 1189 4883 Hanc
1214 4808 1329 4905 Tyclzo
1353 4808 1537 4882 Bralzceus
1562 4810 1657 4884 vidit
