4088 5768
764 405 830 460 DE
849 405 895 461 M
896 405 1012 463 UNDI
1032 404 1057 462 S
1064 402 1239 462 t⁷STEMA
1246 406 1302 463 TE

664 786 668 797 ¹
802 700 1245 776 neuuntx.

385 947 506 1020 Rutu
532 947 548 1020 I
576 977 601 1030 μ
629 950 678 1026 ὣ*
702 978 727 1030 u
757 947 799 1020 Μ
830 949 1092 1046 &longitudo
1117 900 1252 1016 “I-If
1273 960 1472 1048 aequantur
1494 953 1600 1027 inter
1622 983 1667 1031 se.

1127 1027 1234 1117 4Su

363 1218 464 1291 Nam
482 1220 555 1312 48
564 1249 589 1302 μ
606 1235 664 1294 est
681 1219 777 1295 latus
795 1237 936 1296 rectum
954 1220 1140 1319 parabolae
1158 1221 1347 1318 pertinens
1365 1219 1413 1294 ad
1432 1224 1614 1298 verticem
1631 1257 1666 1308 u

817 1516 1093 1589 LEMMA
1166 1515 1226 1589 X.

359 1727 410 1800 Si
426 1729 660 1823 producatur
675 1729 702 1804 S
717 1759 742 1813 μ
758 1730 813 1804 od
827 1729 863 1802 N
886 1732 936 1810 ὅς’
955 1731 994 1817 Ρ,
1014 1739 1059 1803 nt
1072 1759 1097 1813 μ
1111 1729 1147 1802 Ν
1167 1730 1219 1803 sit
1233 1740 1332 1826 pars
1351 1731 1462 1804 tortru
1478 1732 1597 1829 n'pdus
1612 1764 1640 1817 μ
1661 1736 1690 1823 Ι,
1712 1739 1762 1817 &³

292 1859 319 1934 S
338 1861 366 1932 P
396 1862 448 1936 sit
470 1864 525 1936 ad
545 1863 573 1937 S
592 1864 628 1936 N
656 1873 702 1937 nt
725 1863 752 1937 S
772 1863 808 1936 N
836 1864 890 1936 ad
912 1862 985 1951 Su,
1003 1873 1143 1951 cometa,
1161 1889 1232 1961 quo
1254 1874 1409 1960 temporo
1432 1866 1610 1970 descro‘bd
1626 1895 1760 1944 arcum

291 1997 329 2070 A
344 2027 369 2080 μ
386 1999 428 2089 C,
446 2000 484 2072 sz‘
487 2001 776 2097 progrederetur
798 2026 839 2073 eo
863 2010 1001 2096 sempor
1022 2025 1104 2073 cum
1132 2000 1313 2074 velocitate
1337 2026 1448 2097 quum
1474 2001 1582 2076 dubet
1607 2004 1652 2077 in
1669 2008 1758 2081 alti-

289 2132 417 2207 tudine
432 2133 506 2230 ipsi
521 2133 548 2208 S
565 2134 593 2206 P
610 2134 752 2231 equali,
771 2134 980 2208 describeret
995 2134 1259 2233 longitudonom
1275 2135 1449 2231 equalem
1466 2136 1609 2211 chordo
1626 2139 1668 2214 A
1682 2142 1725 2218 C.

358 2391 460 2467 Nam
486 2394 517 2468 si
543 2410 689 2469 cometa
706 2392 911 2483 velocitate,
931 2421 1043 2492 quam
1061 2394 1175 2469 habet
1205 2393 1240 2468 in
1267 2424 1301 2481 μ,
1320 2395 1453 2469 eodem
1472 2411 1642 2494 ternpore
1670 2429 1757 2500 pro

286 2517 505 2615 grederetur
534 2516 765 2592 uniformiter
793 2517 829 2590 in
860 2532 969 2604 recta,
1001 2541 1086 2613 quae
1114 2513 1328 2612 parabolam
1359 2514 1479 2615 tangit
1506 2517 1544 2590 in
1575 2548 1624 2607 μ;
1655 2546 1755 2611 area,

287 2659 401 2731 quam
436 2636 540 2710 radio
569 2635 619 2708 ad
653 2650 831 2731 punctum
866 2635 900 2707 S
931 2634 1044 2708 ducto
1072 2632 1306 2720 describeret,
1338 2632 1492 2729 aequalis
1522 2653 1625 2711 esset
1654 2665 1755 2716 areae

287 2750 507 2845 parabolicae
525 2753 565 2825 A
581 2752 615 2824 S
626 2753 701 2834 Cu.
758 2752 925 2849 Ideoque
943 2741 1158 2825 contentum
1175 2750 1245 2822 sub
1263 2747 1496 2848 longitudine
1515 2753 1551 2826 in
1570 2769 1755 2856 tangente

287 2865 473 2962 descripta
500 2868 536 2940 &
561 2867 793 2966 longitudine
819 2869 853 2940 S
860 2899 884 2950 μ
911 2883 1010 2941 esset
1035 2867 1084 2940 ad
1110 2880 1326 2939 contentum
1357 2867 1426 2939 sub
1454 2866 1755 2968 longitudinibus

286 2982 380 3056 AC
403 2983 439 3057 81
466 2985 568 3072 SM,
587 2986 920 3067 utareaASCu
946 2984 995 3058 ad
1022 2980 1245 3081 triangulum
1271 2982 1417 3070 ASC,
1437 2984 1475 3057 id
1502 3003 1570 3075 est,
1590 3004 1634 3063 ut
1660 2992 1758 3066 SN

282 4345 330 4418 ad
355 4345 456 4422 SM.
512 4345 639 4439 Quare
664 4345 705 4418 A
726 4346 760 4419 C
782 4364 840 4421 est
864 4348 913 4421 ad
939 4347 1209 4449 longitudinem
1236 4352 1273 4425 in
1304 4364 1481 4449 tangente
1507 4349 1752 4452 descriptam,

282 4478 323 4536 ut
341 4465 375 4537 S
384 4494 409 4547 μ
425 4465 474 4538 ad
501 4465 535 4537 S
542 4465 597 4538 N.
653 4464 750 4537 Cum
776 4481 901 4540 autern
927 4466 1104 4541 velocitas
1130 4486 1286 4545 cometae
1312 4470 1349 4543 in
1368 4466 1562 4542 altitudine
1589 4472 1626 4543 S
1636 4475 1677 4546 P
1703 4478 1754 4550 sit

285 4582 367 4679 (per
391 4582 499 4658 corol.
530 4590 553 4657 6
580 4609 683 4680 prop.
713 4607 778 4656 xv1
804 4583 864 4658 lib.
892 4585 924 4683 1)
953 4586 1001 4659 ad
1028 4587 1107 4684 ejus
1133 4587 1368 4662 velocitatem
1398 4587 1434 4660 in
1460 4584 1662 4665 altitudine
1681 4596 1718 4667 S
1726 4627 1751 4677 μ

282 4698 318 4770 in
336 4697 595 4796 subduplieata
612 4701 753 4775 ratione
780 4701 814 4773 S
821 4703 859 4774 P
875 4702 923 4775 ad
951 4703 1019 4784 Su
1046 4703 1201 4791 inverse,
1221 4705 1259 4778 id
1287 4720 1353 4791 est,
1373 4704 1409 4777 in
1438 4704 1583 4779 ratione
1602 4708 1640 4780 S
1647 4742 1672 4793 μ
1698 4715 1749 4786 ad

281 4815 315 4887 S
323 4814 375 4887 N
383 4846 395 4889 .·
420 4813 613 4915 longitudo
637 4816 706 4890 hac
723 4815 920 4892 velocitate
937 4818 1071 4893 eodem
1089 4834 1258 4918 ternpore
1280 4820 1464 4917 descripta
1489 4820 1561 4895 erit
1587 4824 1638 4897 ad
1667 4826 1748 4902 lon-
