4088 5768
641 399 863 462 EDITORIS
881 398 1130 458 PRAEFATIO.
1541 400 1630 471 xxxi

178 597 451 671 admittendum
486 594 637 668 credere
667 593 803 682 velint;
840 594 1034 666 videamus
1069 617 1144 687 quo
1173 592 1322 665 tandem
1355 610 1526 690 oporteat
1553 594 1634 669 illos

179 714 384 811 pervenire.
1358 719 1363 728 ·

246 829 317 903 Vel
344 830 443 903 enim
470 829 595 902 dicent
620 828 724 922 hanc,
752 853 864 924 quam
891 826 1117 924 confingunt,
1138 826 1265 898 mundi
1293 853 1359 922 per
1383 829 1508 901 omnia
1533 828 1632 924 pleni

177 947 478 1021 constitutionem
505 972 553 1018 ex
570 944 761 1019 voluntate
788 945 848 1017 dei
875 943 1077 1038 prolectam
1105 969 1198 1028 esse,
1223 961 1375 1040 propter
1399 971 1486 1018 eum
1513 945 1634 1032 finem,

177 1082 219 1138 ut
236 1063 512 1160 operationibus
531 1079 672 1135 naturae
690 1061 896 1134 subsidium
922 1085 1087 1155 praesens
1114 1060 1240 1133 haberi
1268 1079 1396 1156 posset
1421 1064 1468 1136 ab
1496 1064 1635 1138 aethere

177 1179 418 1253 subtilissimo
449 1197 580 1252 cuncta
610 1193 824 1274 permeante
856 1176 892 1248 81
923 1176 1119 1270 implente;
1159 1178 1260 1272 quod
1296 1195 1420 1251 tamen
1456 1180 1528 1253 dici
1559 1206 1633 1253 non

178 1311 311 1392 potest,
330 1296 515 1390 siquidem
528 1296 607 1391 jam
625 1311 815 1367 ostensum
834 1308 891 1365 est
908 1319 955 1365 ex
974 1309 1200 1365 cometarum
1218 1294 1482 1389 phaenomenis,
1498 1296 1635 1371 nullam

179 1439 262 1488 esse
280 1413 389 1510 hujus
408 1412 555 1485 aetheris
574 1412 798 1484 efficaciam:
825 1409 885 1483 vel
912 1410 1038 1482 dicent
1063 1436 1110 1482 ex
1128 1408 1319 1484 voluntate
1346 1412 1406 1485 dei
1434 1415 1635 1509 prolectam

179 1557 273 1620 esse,
289 1546 442 1626 propter
460 1529 571 1601 finem
588 1528 749 1624 aliquem
769 1528 951 1624 ignotum;
978 1529 1077 1623 quod
1093 1552 1213 1625 neque
1227 1529 1299 1601 dici
1317 1530 1438 1616 debet,
1454 1531 1637 1626 siquidem

178 1650 328 1723 diversa
346 1647 474 1720 mundi
494 1646 707 1719 constitutio
735 1646 867 1719 eodem
894 1661 1114 1741 argumento
1141 1646 1279 1740 pariter
1304 1646 1455 1718 stabiliri
1485 1662 1635 1742 posset:

179 1765 241 1840 vel
285 1766 448 1860 denique
491 1789 566 1836 non
609 1764 734 1836 dicent
777 1789 824 1836 ex
861 1762 1051 1836 voluntate
1095 1763 1155 1836 dei
1198 1763 1399 1858 profectam
1443 1789 1535 1849 esse,
1571 1765 1637 1836 sed

180 1909 229 1956 ex
264 1883 484 1955 necessitate
519 1882 680 1976 quadam
720 1897 870 1954 naturae.
952 1881 1125 1954 Tandem
1170 1881 1281 1975 igitur
1323 1879 1444 1952 delabi
1489 1896 1637 1975 oportet

182 2001 219 2073 in
247 1999 358 2071 faeces
393 1998 563 2071 sordidas
592 1999 717 2095 gregis
746 1997 992 2093 impurissimi.
1051 1997 1105 2069 Hi
1136 2011 1223 2068 sunt
1253 1997 1315 2090 qui
1347 1997 1534 2070 somniant
1560 1998 1636 2070 sato

108 2122 116 2134 ‘
183 2118 355 2189 universa
374 2117 462 2213 regi,
483 2141 556 2188 non
584 2115 837 2210 providentia;
866 2114 1058 2185 materiam
1084 2140 1130 2186 ex
1153 2113 1372 2185 necessitate
1399 2139 1465 2185 sua
1491 2139 1639 2208 semper

184 2233 221 2305 8ι
239 2233 376 2328 ubique
402 2233 578 2320 extitisse,
599 2231 779 2303 infinitam
806 2256 889 2303 esse
916 2230 952 2302 dc
979 2246 1165 2302 aeternam.
1238 2229 1384 2322 Quibus
1411 2231 1550 2324 positis,
1570 2231 1640 2303 erit

183 2352 295 2424 etiam
314 2350 553 2444 undiquaque
571 2349 786 2422 uniformis:
814 2374 899 2420 nam
918 2348 1078 2420 varietas
1096 2347 1295 2419 formarum
1318 2372 1400 2417 cum
1419 2347 1638 2420 necessitate

184 2468 336 2541 omnino
362 2481 513 2563 pugnat.
570 2467 654 2539 Erit
671 2468 783 2540 etiam
803 2469 981 2539 immota:
1010 2466 1144 2537 namsi
1164 2466 1372 2537 necessario
1390 2482 1583 2538 moveatur
1602 2468 1638 2539 in

183 2583 333 2681 plagam
361 2582 523 2679 aliquam
551 2585 843 2669 determinatam,
875 2609 958 2655 cum
994 2582 1239 2655 determinata
1268 2579 1391 2676 aliqua
1420 2576 1667 2672 velocitates

183 2705 263 2800 pari
282 2705 502 2776 necessitate
521 2706 730 2778 movebitur
748 2707 783 2777 in
798 2703 948 2802 plagam
963 2704 1148 2777 diversam
1163 2729 1246 2775 cum
1261 2703 1409 2776 diversa
1422 2704 1618 2781 velocitate
1631 2738 1638 2796 ;

172 2821 222 2893 -in
254 2818 383 2916 plagas
414 2837 538 2893 autem
571 2821 747 2907 diversas,
780 2848 863 2893 cum
895 2821 1052 2894 diversis
1084 2820 1352 2910 velocitatibus
1386 2824 1527 2895 moveri
1564 2849 1638 2897 non

185 2951 328 3032 potest;
364 2953 511 3032 oportet
540 2938 651 3034 igitur
678 2938 868 3011 immotam
897 2965 989 3011 esse.
1063 2938 1292 3034 Neutiquam
1323 2939 1489 3034 profecto
1520 2943 1640 3036 potuit
1687 2953 1690 2960 '

185 3054 271 3127 oriri
290 3055 462 3139 mundus,
481 3054 726 3149 pulcherrima
746 3056 946 3129 formarum
974 3055 1010 3127 δε
1036 3072 1203 3129 motuum
1230 3056 1409 3127 varietate
1436 3056 1639 3144 distinctus

185 3169 255 3241 nisi
274 3195 322 3241 ex
340 3168 525 3242 liberrima
543 3169 733 3245 voluntate
752 3187 882 3243 cuncta
900 3172 1130 3266 providentis
1149 3170 1185 3242 dc
1202 3171 1443 3267 gubernantis
1467 3173 1537 3246 dei.

257 3285 318 3356 Ex
336 3285 406 3359 hoc
426 3287 536 3382 igitur
552 3286 654 3359 fonte
673 3305 937 3382 promanarunt
955 3286 1025 3359 illae
1043 3313 1172 3359 omnes
1191 3313 1275 3383 quae
1302 3289 1474 3360 dicuntur
1502 3306 1642 3363 naturae

186 3402 313 3499 leges:
342 3403 378 3473 in
406 3404 539 3498 quibus
567 3403 682 3476 multa
707 3429 797 3476 sane
824 3405 1084 3498 sapientissimi
1112 3404 1261 3488 consilii,
1291 3403 1389 3476 nulla
1413 3408 1642 3480 necessitatis

187 3534 368 3615 apparent
386 3520 553 3615 vestigia.
629 3520 712 3592 Has
738 3520 893 3616 proinde
920 3546 993 3593 non
1020 3521 1068 3592 ab
1095 3522 1242 3592 incertis
1268 3523 1486 3618 conjecturis
1505 3540 1641 3618 petere,

186 3637 254 3709 sed
286 3636 520 3708 observando
548 3651 660 3731 atque
695 3638 921 3733 experiendo
956 3638 1146 3710 addiscere
1180 3638 1368 3711 debemus
1444 3639 1518 3731 Qui
1554 3667 1643 3713 vere

188 3753 353 3849 physicae
379 3753 558 3848 principia
584 3750 760 3849 legesque
787 3780 918 3839 rerum,
937 3754 1016 3826 sola
1041 3756 1176 3826 mentis
1194 3756 1231 3827 vi
1259 3755 1466 3829 &interno
1493 3759 1643 3830 rationis

164 3873 326 3946 ¹lumine
346 3871 491 3955 fretum,
512 3870 678 3941 invenire
704 3896 744 3941 se
771 3896 881 3965 posse
908 3870 1079 3954 confidit;
1107 3871 1203 3943 hunc
1230 3887 1377 3966 oportet
1394 3870 1453 3945 vel
1481 3888 1643 3946 statuere

189 3989 369 4062 mundum
383 4013 431 4059 ex
446 3986 665 4057 necessitate
679 3985 799 4072 fuisse,
815 3985 991 4083 legesque
1002 3989 1210 4082 propositas
1223 4013 1268 4059 ex
1281 3988 1412 4060 eadem
1425 3991 1645 4063 necessitate

188 4105 309 4201 sequi;
328 4103 387 4176 vel
407 4102 437 4174 si
457 4127 523 4197 per
540 4099 768 4175 voluntatem
787 4105 846 4176 dei
866 4104 1085 4176 constitutus
1104 4105 1152 4176 sit
1170 4104 1262 4177 ordo
1281 4121 1430 4188 naturae,
1449 4130 1490 4177 se
1509 4121 1643 4192 tamen,

189 4221 476 4296 homuncionem
505 4218 697 4303 misellum,
717 4219 806 4313 quid
835 4220 1016 4315 optimum
1044 4218 1142 4290 factu
1170 4219 1217 4290 sit
1243 4234 1477 4313 perspectum
1497 4220 1641 4294 habere.

189 4340 293 4413 Sana
307 4336 426 4410 omnis
441 4335 477 4407 dc
490 4360 580 4407 vera
592 4332 825 4430 philosophia
838 4336 1013 4408 sundatur
1027 4335 1062 4407 in
1078 4335 1332 4430 phaenomenis
1351 4361 1472 4409 rerum
1490 4366 1496 4411 :
1515 4365 1599 4434 quae
1614 4341 1645 4414 si

190 4481 260 4528 nos
278 4451 338 4525 vel
358 4452 493 4524 invitos
513 4450 549 4522 81
567 4449 788 4523 reluctantes
806 4453 853 4523 ad
873 4452 1083 4549 hujusmodi
1102 4453 1280 4547 principia
1298 4453 1495 4541 deducunt,
1512 4456 1547 4527 in
1567 4459 1646 4553 qui-

190 4575 261 4646 bus
288 4570 489 4643 clarissime
516 4585 714 4641 cernuntur
739 4569 931 4641 consilium
958 4570 1138 4665 optimum
1168 4569 1203 4641 ἃ
1229 4571 1434 4642 dominium
1460 4598 1645 4646 summum

189 4685 454 4785 sapientissimi
474 4685 510 4757 81
527 4686 773 4779 potentissimi
788 4688 883 4758 entis
897 4715 903 4773 ;
924 4712 997 4759 non
1012 4703 1120 4759 erunt
1138 4687 1216 4760 haec
1231 4687 1315 4761 ideo
1330 4715 1402 4762 non
1418 4691 1648 4764 admittenda
