1583 1669
488 217 523 240 378
731 216 765 231 DE
776 216 844 231 MOTU
854 215 982 231 CORPORUM

487 265 635 290 proportionalia,
653 269 707 283 erunt
724 271 802 283 summae
823 265 973 287 differentiarum,
991 265 1026 283 hoe
1048 269 1081 287 est,
1103 270 1164 284 motus
1182 268 1216 286 toti

485 293 587 319 angulares,
597 298 617 312 ut
631 293 765 317 respondentes
779 300 858 312 summae

487 323 576 342 linearum
586 323 630 345 Aa,
640 323 679 344 Bb,
690 323 724 345 Cc,
734 323 777 344 Da',
787 323 831 341 Ee:
842 323 861 341 id

487 357 516 371 est
534 352 556 377 (si
577 352 601 371 ad
619 352 761 371 consituendum
779 353 861 371 medium

487 382 602 400 uniformiter
607 381 689 403 fluidum,
696 387 783 400 numerus
789 382 861 400 orbium

487 414 577 435 augeatur
594 410 612 429 δι
633 410 711 429 latitudo
731 411 825 429 minuatur
842 411 860 429 in
913 432 915 434 ,

487 440 586 464 infinitum)
600 443 621 458 ut
635 446 683 458 areae
697 439 821 464 hyperbolicae
832 440 861 458 his

487 469 564 488 summis
573 469 657 493 analogae
666 469 731 491 AaQ,
740 469 798 491 BbQ,
809 469 860 491 CcQ,
890 464 891 467 ¹
909 474 911 477 ’
930 477 934 484 ι·
946 483 955 492 3,

487 499 554 521 Da'Q,
571 498 634 521 EeQ,
655 498 688 516 διο.
707 510 710 513 ›
729 497 756 516 Et
776 502 876 524 tempora¹
900 491 903 502 '¹
940 496 948 522 J

487 528 580 552 periodica
593 527 673 546 motibus
686 526 805 551 angularibus
816 527 860 545 reei-
897 525 898 531 ¹
919 526 920 531 ¹
940 523 941 530 ³

487 563 542 581 proce
551 556 695 581 proportionalia
704 560 758 574 erunt
766 556 823 574 etiam
832 556 860 574 his

487 587 535 605 areis
544 586 636 610 reciproce
648 585 797 610 proportionalia.
825 586 861 604 Est

488 616 620 640 igiturtempus
625 615 739 639 periodicum
745 615 795 633 orbis
800 615 860 639 cujus-

486 645 515 663 vis
524 645 586 663 DlO
599 645 691 669 reciproce
705 648 725 662 ut
738 650 781 662 area
792 644 860 666 DdQ,

487 674 522 692 hoe
542 678 575 695 eet,
597 680 631 698 per
648 678 701 692 notas
718 679 816 691 curvarum
834 673 961 706 quadraturas,
978 655 1048 692 directe
1065 677 1086 692 ut
1103 674 1215 698 quadratum

486 703 580 722 dismntiae
590 703 635 721 SD.
665 703 686 721 ld
696 703 746 727 quod
755 702 805 721 volui
815 702 875 726 primo
883 702 1016 721 demonstrare.

522 733 561 751 Cas.
577 739 592 751 2.
608 732 626 750 A
641 736 704 751 centro
717 731 796 756 sphaerae
809 731 900 750 ducantur
911 731 987 750 infinitae
996 736 1051 750 rectae
1061 738 1116 756 quam
1126 732 1214 756 plurimae.

487 768 529 786 quae
538 768 580 780 curn
589 768 624 780 axe
633 761 687 780 datos
694 761 800 780 contineant
807 760 890 785 angulos,
898 761 1001 785 aequalibus
1007 761 1116 780 differentiis
1123 768 1143 780 se
1150 766 1215 780 mutuo

487 794 606 815 superantes;
628 790 647 809 ἃ
664 790 692 808 his
710 791 764 809 rectis
781 790 829 809 circa
846 797 901 809 axem
918 790 1006 809 revolutis
1024 790 1100 814 concipe
1122 791 1177 809 orbes
1196 791 1214 809 in

486 819 564 838 annulos
579 820 684 838 innumeros
698 819 767 841 secari;
781 819 799 838 δι
813 819 892 838 annulus
906 820 1033 844 unusquisque
1048 819 1124 838 habebit
1137 819 1215 838 annulos

486 853 566 873 quatuor
583 849 617 867 sibi
635 849 737 873 contiguos,
755 855 812 867 unum
835 849 946 870 interiorem,
964 848 1042 867 alterum
1064 849 1174 867 exteriorem
1197 849 1215 867 &

486 878 533 897 duos
548 878 637 897 laterales.
664 878 736 897 Attritu
752 878 843 897 interioris
859 878 877 896 &
892 878 988 896 exterioris
1004 884 1040 896 non
1057 882 1119 902 potest
1136 877 1215 896 annulus

486 908 618 932 unusquisque,
628 908 663 926 nisi
677 908 695 926 in
710 911 761 926 motu
773 907 828 931 juxta
842 907 903 932 legem
916 913 970 925 casus
984 907 1037 931 primi
1052 907 1105 929 sacto,
1119 907 1215 931 aequaliter

487 937 505 955 ἃ
521 937 539 955 in
552 941 614 961 partes
627 937 727 955 contrarias
738 936 804 960 urgeri.
834 936 887 955 Patet
901 936 936 955 hoc
950 943 973 955 ex
987 936 1145 955 demonstratione
1161 943 1215 955 casus

486 966 545 990 primi.
582 966 608 984 Et
617 970 715 990 propterea
724 965 834 984 annulorum
847 966 904 984 series
913 965 1001 989 quaelibet
1009 972 1021 983 a
1029 965 1086 989 globo
1095 965 1113 983 in
1123 965 1214 984 infinitum

487 999 537 1013 recta
558 1001 642 1019 pergens,
665 995 770 1013 movebitur
790 1001 825 1019 pro
846 994 888 1019 lege
909 1001 963 1013 casus
985 995 1043 1019 primi,
1066 995 1100 1013 nisi
1122 998 1214 1019 quatenus

487 1024 587 1048 impeditur
601 1024 625 1042 ab
640 1024 703 1042 attritu
719 1024 829 1042 annulorum
845 1024 868 1042 ad
884 1023 945 1042 latera.
979 1024 1006 1042 At
1022 1024 1040 1042 in
1056 1028 1107 1042 motu
1123 1024 1157 1042 hac
1173 1024 1214 1049 lege

485 1053 534 1071 sacto
549 1053 622 1071 attritus
637 1053 746 1072 annulorum
762 1054 786 1071 ad
802 1053 860 1071 latera
875 1053 935 1071 nullus
949 1057 988 1075 est3
1007 1059 1067 1077 neque
1082 1053 1124 1071 ideo
1137 1057 1214 1075 motum,

486 1089 523 1107 quo
533 1083 593 1101 minus
602 1082 636 1101 hac
645 1082 687 1107 lege
696 1083 732 1104 flat,
743 1083 836 1107 impediet.
872 1083 892 1101 Si
906 1082 973 1103 annuli,
983 1082 1014 1106 qui
1026 1089 1038 1100 a
1047 1087 1110 1101 centro
1119 1082 1215 1107 aequaliter

486 1112 561 1134 distant,
570 1111 600 1130 vel
614 1111 667 1130 citius
680 1111 820 1130 revolverentur
832 1111 862 1130 vel
877 1111 947 1130 tardius
959 1112 1014 1136 juxta
1027 1111 1080 1135 polos
1092 1118 1148 1136 quarn
1160 1112 1214 1136 juxta

485 1140 599 1165 eclipticam;
619 1141 709 1159 tardiores
724 1140 873 1162 accelerarentur,
888 1140 906 1159 &
921 1140 1023 1159 velociores
1038 1141 1176 1159 retardarentur
1190 1141 1214 1159 ab

485 1170 548 1188 attritu
563 1174 632 1191 mutuo,
642 1170 661 1188 &
674 1170 701 1188 sie
714 1174 814 1195 vergerent
828 1176 902 1194 semper
915 1174 999 1194 tempora
1013 1170 1107 1194 periodica
1118 1170 1142 1188 ad
1152 1177 1213 1194 tequa-

485 1199 560 1221 litatem,
571 1206 604 1223 pro
618 1199 660 1223 lege
673 1205 726 1218 casus
741 1200 799 1223 primi.
827 1199 872 1218 Non
887 1200 964 1223 impedit
978 1199 1034 1223 igitur
1048 1199 1077 1217 hic
1090 1199 1163 1217 attritus
1176 1205 1214 1223 quo

486 1228 547 1246 minus
561 1232 622 1247 motus
637 1228 669 1247 fiat
682 1229 784 1247 secundum
798 1228 859 1253 legem
873 1235 926 1247 casus
937 1228 996 1253 primi,
1006 1228 1024 1246 &
1033 1232 1131 1252 propterea
1140 1227 1170 1246 lex
1184 1227 1214 1246 illa

485 1257 588 1276 obtinebit:
602 1258 637 1276 hoc
651 1261 684 1279 est,
699 1257 809 1276 annulorum
823 1257 938 1282 singulorum
952 1261 1037 1281 tempora
1051 1257 1144 1281 periodica
1159 1261 1213 1275 erunt

485 1290 506 1305 ut
515 1286 605 1310 quadram
614 1286 742 1305 distantiarum
752 1287 833 1311 ipsorum
840 1293 852 1305 a
858 1291 921 1305 centro
927 1286 983 1312 globi.
1007 1287 1064 1310 Quod
1071 1286 1121 1305 volui
1131 1286 1213 1305 secundo

485 1316 617 1334 demonstrare.
