1583 1669
705 208 776 224 LIBER
786 208 878 225 PRIMUS.
1123 216 1129 229 1
1132 216 1158 233 09

429 258 470 280 SQ,
481 257 524 280 OQ.
551 257 609 276 Arcui
622 257 690 276 EFG
702 261 785 276 occurrat
800 257 842 280 OQ
855 257 873 276 in
886 257 909 279 F,
923 257 941 276 8ι
953 257 972 276 in
983 258 1063 277 eandem
1074 258 1116 281 OQ
1126 259 1158 277 de-

416 294 420 299 ·
429 287 512 306 mittatur
523 286 676 311 perpendiculum
690 287 735 305 SR.
761 286 813 305 Area
821 287 842 305 A
849 287 868 305 P
873 286 891 305 S
897 290 927 305 est
936 290 957 305 ut
965 293 1009 305 area
1018 287 1038 305 A
1046 287 1087 309 QS,
1097 287 1116 306 id
1124 291 1158 310 est,

428 320 449 334 ut
462 316 567 335 differentia
581 316 629 334 inter
643 319 734 335 sectorem
753 316 817 339 OQA
836 315 855 334 8ι
872 315 985 340 triangulum
1003 316 1070 339 OQS,
1084 317 1124 336 sive
1138 321 1160 335 ut

428 346 532 364 differentia
545 345 694 370 rectangulorum
706 345 717 365 ὲ
731 345 818 368 OQxA
826 345 843 368 Q
859 345 877 363 ἃ
889 345 900 365 ἒ
914 345 1027 368 OQxSR,
1040 345 1076 364 hoc
1089 350 1122 368 est,
1133 346 1159 365 ob

427 375 491 394 datam
503 375 514 395 ἒ
528 375 545 393 0
551 374 573 397 Q,
583 378 604 393 ut
616 374 720 393 differentia
732 374 780 393 inter
789 380 852 393 arcum
862 374 883 392 A
891 374 909 397 Q
918 374 937 393 &
945 378 1015 394 recmrn
1023 375 1040 393 S
1044 375 1069 397 R,
1078 375 1159 400 ideoque

429 404 478 429 (cum
487 404 559 423 eaedem
568 404 606 422 sint
614 404 664 422 datae
672 404 753 422 rationes
763 404 801 422 SR
809 403 833 422 acl
843 403 904 422 sinum
912 410 966 422 arcus
974 404 995 422 A
1000 404 1023 427 Q,
1034 404 1071 423 OS
1077 404 1101 423 ad
1112 405 1159 427 OA,

429 433 472 452 OA
489 433 513 452 ad
532 433 578 455 OG,
593 434 614 452 A
622 433 639 456 Q
654 433 679 452 ad
696 433 741 455 GF.
757 432 776 451 &
789 432 863 451 divisim
877 433 899 451 A
907 432 991 455 Q—SR
1008 433 1033 451 ad
1051 434 1159 452 GF—sinu

428 469 481 482 arcus
494 462 515 481 A
522 462 548 488 Q)
562 466 583 482 ut
597 462 644 482 GK
655 462 759 481 differentia
768 462 817 481 inter
824 468 887 481 arcum
898 462 916 481 G
921 462 943 481 F
948 462 967 481 &
975 462 1036 481 sinum
1045 469 1099 482 arcus
1107 463 1128 482 A
1136 463 1158 486 Q.

744 521 843 540 Scholium.

462 563 562 585 Caeterum,
575 569 617 582 cum
630 563 709 582 difficilis
722 563 746 581 sit
761 563 816 588 hujus
828 569 890 582 curvae
903 563 1007 587 descriptio,
1021 567 1098 587 prastat
1109 563 1158 583 solu-

427 593 498 611 tionem
511 598 557 611 vero
569 592 673 617 proximam
686 592 780 611 adhibere.
813 592 922 611 Inveniatur
934 596 973 611 tum
988 592 1068 617 angulus
1083 593 1158 617 quidam

429 622 449 644 Β,
459 622 491 646 qui
500 622 524 640 sit
532 622 557 640 ad
568 621 656 646 angulum
669 622 761 646 gmduum
776 623 873 646 57.29578,
883 627 938 646 quem
951 627 1005 640 arcus
1018 621 1070 640 radio
1083 621 1159 646 aequalis

427 651 528 673 subtendit,
541 655 563 669 ut
575 654 604 669 est
616 650 744 669 umbilicorum
757 650 846 669 distantia
858 651 902 669 SH
911 650 936 669 acl
949 649 1035 674 ellipseos
1048 650 1159 669 diametrum

427 681 448 699 A
456 681 476 699 B
481 688 488 702 ;
501 685 541 699 turn
550 680 606 699 etiam
615 680 713 705 longitudo
726 680 813 704 quaedam
823 680 844 702 L,
854 686 897 704 quae
909 679 934 698 sit
946 679 971 698 ad
984 679 1056 698 radium
1065 679 1084 698 in
1093 680 1159 699 adem

427 1016 500 1035 mtione
515 1016 593 1034 inverse.
621 1015 695 1039 Quibus
712 1014 769 1033 semel
787 1015 873 1037 inventis,
888 1016 985 1040 problema
1000 1016 1088 1040 deinceps
1103 1016 1160 1035 confit

427 1052 462 1070 per
470 1049 580 1069 sequentem
590 1044 679 1069 analysin.
708 1044 744 1062 Per
756 1044 912 1063 constructionem
926 1046 1017 1070 quamvis,
1026 1045 1057 1064 vel
1066 1049 1160 1070 utcunque

426 1075 553 1099 conjecturam
568 1074 658 1096 faciendo,
672 1077 795 1098 eognosmtur
809 1074 891 1098 eorporis
906 1074 957 1093 loeus
972 1075 991 1093 P
1005 1075 1101 1099 proximus
1114 1081 1160 1093 vero

426 1104 468 1129 ejus
476 1104 518 1123 loco
522 1106 543 1128 p.
572 1104 697 1128 Demissaque
705 1103 729 1121 ad
738 1109 793 1121 axem
802 1103 888 1128 ellipseos
897 1104 997 1122 ordinatim
1010 1103 1102 1128 applicata
1110 1104 1159 1125 PR,

425 1140 451 1152 ex
465 1133 585 1157 proportione
600 1133 732 1151 diametrorum
750 1132 840 1157 ellipsoos,
858 1133 933 1151 dabitur
949 1133 1011 1152 circuli
1028 1133 1159 1157 circumscripti

425 1163 447 1181 A
456 1163 501 1186 QB
518 1162 617 1181 ordinatim
634 1161 726 1186 applicata
742 1162 792 1185 RQ,
806 1168 849 1186 quae
862 1162 913 1181 sinus
926 1166 955 1181 est
967 1161 1030 1187 anguli
1042 1162 1063 1180 A
1072 1162 1112 1185 OQ
1127 1168 1159 1180 ex-

426 1192 495 1211 istente
504 1192 546 1210 AO
554 1191 611 1213 mdio,
620 1198 701 1216 quaeque
709 1190 781 1215 ellipsin
790 1195 841 1210 secat
849 1191 868 1210 in
876 1192 899 1211 P.
926 1191 999 1210 Sufficit
1011 1190 1100 1216 angulum
1109 1191 1160 1210 illum

425 1222 468 1241 rudi
490 1221 561 1240 calculo
580 1221 599 1239 in
620 1220 702 1239 numeris
722 1220 811 1244 proximis
833 1221 920 1239 invenire.
954 1220 1083 1244 Cognommr
1103 1220 1160 1239 etiam

425 1250 507 1276 angulus
516 1250 595 1274 tempori
604 1249 751 1274 proportionalis,
761 1249 780 1268 id
789 1253 822 1272 est,
831 1250 863 1274 qui
872 1250 897 1268 sit
905 1249 929 1268 ad
941 1252 1020 1273 quatuor
1033 1253 1093 1268 rectos
1102 1253 1123 1268 ut
1131 1253 1160 1269 est

425 1284 506 1304 tempus,
522 1286 560 1304 quo
575 1285 642 1303 corpus
657 1279 755 1303 descripsit
767 1285 831 1297 ascum
845 1279 866 1297 A
868 1281 890 1303 p,
905 1278 930 1297 ad
947 1282 1021 1302 tempus
1038 1278 1159 1298 revolutionis

425 1309 481 1328 unius
491 1309 510 1327 in
518 1308 584 1333 ellipsi.
611 1308 641 1327 Sit
649 1308 729 1333 angulus
738 1308 772 1327 iste
783 1308 807 1326 N.
835 1308 886 1326 Tum
899 1307 982 1332 capiatur
990 1307 1009 1326 &
1017 1307 1096 1333 angulus
1107 1308 1126 1327 D
1134 1307 1159 1326 ad
