4088 5768
846 488 987 546 LIBER
1008 487 1192 548 PRIMUS.

372 982 746 1057 PROPOSITIO
793 983 988 1059 XCVII.
1075 984 1411 1059 PROBLEMA
1471 984 1664 1059 XLVII.

291 1207 416 1280 Posito
448 1207 548 1303 quad
574 1207 679 1280 sinns
712 1206 916 1279 incidentiae
947 1206 989 1279 in
1017 1207 1241 1305 santarficiani
1270 1208 1436 1306 ala'qnam
1465 1209 1516 1282 sit
1547 1208 1601 1281 aa'
1624 1208 1748 1281 sinnin

340 1342 563 1438 emergentia
579 1342 619 1414 in
637 1340 726 1412 data
747 1342 913 1428 rationu
937 1343 1099 1440 qnodque
1121 1344 1327 1417 incurvatio
1344 1344 1413 1417 aia
1434 1355 1625 1440 carporum
1633 1345 1752 1441 juxta
1838 1337 1842 1345 ’

340 1476 564 1574 superficiem
606 1477 714 1549 illam
745 1475 827 1572 fiat
867 1477 909 1549 in
950 1478 1068 1572 spatio
1110 1480 1325 1570 breuissima,
1360 1480 1459 1577 qnod
1496 1489 1542 1553 nt
1568 1490 1752 1575 pnnctnm

340 1612 566 1686 concinnari
578 1613 722 1708 possit:
760 1612 1001 1686 determinare
1023 1613 1257 1711 santensiciem,
1281 1640 1363 1712 qna
1389 1617 1600 1711 corpuscula
1629 1618 1752 1689 amnia

340 1743 383 1817 a’a
409 1746 481 1818 laco
510 1745 596 1818 data
620 1745 804 1819 snccasn‘na
827 1747 1021 1819 manantia
1045 1772 1255 1844 canvargara
1266 1746 1395 1844 saciat
1418 1749 1473 1822 ad
1491 1749 1611 1822 aliurn
1637 1750 1752 1823 lacnrn

341 1878 480 1953 datum.

359 2079 418 2152 Sit
434 2080 474 2153 A
495 2079 598 2155 locus
623 2106 647 2154 a
672 2107 747 2177 quo
773 2081 990 2178 corpuscula
1016 2084 1238 2183 divergunt;
1278 2087 1317 2158 B
1341 2083 1444 2159 locus
1471 2086 1508 2159 in
1535 2113 1647 2183 quem
1665 2114 1751 2163 con-

290 2220 448 2294 vergere
474 2196 633 2287 debent;
664 2199 698 2272 C
704 2200 798 2271 DE
822 2225 936 2272 curva
966 2199 1065 2273 linea
1091 2227 1176 2296 quae
1204 2201 1299 2274 circa
1326 2228 1436 2275 axem
1464 2204 1505 2275 A
1519 2205 1558 2276 B
1585 2205 1752 2280 revoluta

291 2311 477 2386 describat
510 2313 743 2409 superficiem
778 2315 998 2411 quaesitam3
1042 2317 1093 2403 D,
1124 2317 1166 2388 E
1205 2343 1328 2391 curvae
1370 2317 1465 2392 illius
1504 2336 1643 2417 puncta
1677 2323 1752 2396 duo

292 2430 455 2524 quaevis;
483 2429 520 2503 81
536 2432 625 2517 EF,
644 2432 727 2504 EG
744 2430 1008 2528 perpendicula
1027 2432 1062 2504 in
1081 2434 1244 2529 corporis
1262 2436 1342 2508 vias
1359 2439 1459 2524 AD,
1478 2440 1564 2511 DB
1580 2439 1751 2514 demissa

293 2546 462 2621 Accedat
496 2563 675 2644 punctum
709 2550 751 2621 l)
785 2548 833 2621 ad
867 2567 1045 2645 punctum
1079 2550 1121 2621 E
1129 2581 1145 2637 ,·
1187 2549 1223 2622 8r
1258 2550 1365 2627 lineae
1405 2556 1504 2642 DF,
1540 2581 1615 2652 qua
1652 2557 1693 2628 A
1709 2557 1753 2630 D

292 2680 459 2762 augetur,
477 2665 526 2738 ad
544 2663 679 2739 lineam
697 2667 740 2738 D
754 2666 800 2753 G,
819 2692 893 2763 qua
910 2668 953 2740 D
964 2669 1004 2740 B
1020 2667 1245 2756 diminuitur,
1266 2671 1358 2746 ratio
1376 2670 1505 2745 ultima
1522 2674 1592 2747 erit
1616 2673 1749 2748 eadem

296 2806 380 2878 quae
423 2782 526 2855 sinus
569 2782 779 2856 incidentiae
816 2784 865 2858 ad

295 2899 417 2972 sinum
435 2900 686 2997 emergentiae.
743 2900 866 2974 Datur

292 3040 383 3115 ergo
401 3016 494 3090 ratio
519 3017 735 3090 incrementi
756 3015 864 3092 lineae

292 3135 334 3206 A
338 3134 381 3206 D
397 3132 445 3205 ad
464 3132 742 3207 decrementum
756 3132 864 3208 lineae

293 3252 397 3336 DB,·
425 3248 676 3347 &propterea
693 3250 723 3322 si
739 3250 775 3322 in
793 3275 864 3323 axe
1219 3271 1238 3315 c
1314 3280 1346 3325 n

290 3370 332 3441 A
348 3370 387 3441 B
420 3384 588 3441 sumatur
615 3367 736 3440 ubivis
765 3379 943 3463 punctum
982 3370 1108 3465 C,per
1137 3368 1239 3465 quod
1273 3394 1388 3441 curva
1425 3371 1460 3443 C
1471 3370 1564 3442 DE
1596 3369 1752 3444 transire

291 3486 414 3572 debet,
435 3485 471 3558 8r
489 3485 655 3581 capiatur
681 3485 796 3580 ipsius
813 3486 854 3557 A
873 3488 907 3558 C
922 3487 1189 3560 incrementum
1210 3486 1307 3561 CM
1317 3485 1367 3558 ad
1385 3486 1500 3583 ipsius
1525 3487 1564 3558 B
1578 3486 1613 3558 C
1625 3486 1750 3558 decre-

291 3618 458 3676 mentum
491 3602 584 3676 CN
612 3602 649 3675 in
680 3602 768 3675 data
803 3601 863 3675 illa
899 3603 1050 3688 ratione,
1086 3604 1295 3700 centrisque
1324 3604 1378 3689 A,
1406 3604 1454 3689 B,
1487 3600 1523 3675 81
1552 3600 1752 3675 intervallis

290 3720 332 3792 A
353 3720 412 3806 M,
447 3721 554 3792 BN
585 3721 842 3794 describantur
875 3718 999 3794 circuli
1033 3719 1109 3794 duo
1144 3746 1185 3794 se
1228 3735 1357 3793 mutuo
1399 3735 1570 3792 secantes
1614 3719 1650 3791 in
1685 3719 1752 3804 D,·

291 3857 468 3939 punctum
487 3841 576 3915 illud
593 3844 636 3915 D
653 3857 783 3941 tanget
808 3868 962 3916 curvam
989 3842 1185 3938 quaesitam
1214 3842 1249 3915 C
1257 3843 1300 3914 D
1311 3842 1360 3929 E,
1378 3840 1612 3937 eandemque
1629 3841 1751 3914 ubivis

291 3959 483 4057 tangendo
501 3959 771 4034 determinabit.
828 3961 872 4049 Q.
886 3961 935 4035 E.
947 3961 982 4034 l.

363 4076 481 4150 Carol.
508 4101 536 4150 1.
568 4077 757 4151 Faciendo
787 4092 912 4149 autem
943 4091 985 4149 ut
1014 4091 1191 4172 punctum
1218 4073 1259 4146 A
1293 4072 1353 4148 vel
1381 4075 1420 4146 B
1450 4098 1547 4148 nunc
1572 4075 1684 4148 abeat
1714 4077 1751 4150 in

288 4193 483 4281 infinitum,
503 4220 600 4268 nunc
618 4195 753 4293 migret
775 4194 824 4267 ad
850 4193 986 4268 alteras
1013 4208 1137 4290 partes
1163 4190 1289 4288 puncti
1311 4193 1351 4281 C,
1371 4191 1605 4265 habebuntur
1622 4192 1751 4291 figurae

289 4309 363 4384 illae
394 4335 533 4397 omnes,
563 4336 656 4406 quas
685 4310 872 4383 Cartasins
906 4310 942 4382 in
974 4309 1096 4405 optica
1126 4306 1163 4381 ἃ
1196 4307 1401 4406 geometria
1431 4307 1480 4380 ad
1515 4307 1751 4383 retractiones

289 4427 472 4523 exposuit
527 4426 695 4521 Quarum
724 4427 976 4501 inventionem
1002 4451 1087 4499 cum
1116 4425 1303 4500 Carteszns
1327 4423 1510 4512 celaverit,
1535 4426 1657 4500 visum
1682 4426 1751 4500 suit

289 4543 361 4617 hac
378 4543 631 4641 propositione
648 4568 844 4639 exponere.

365 4661 482 4734 Caral.
506 4685 537 4734 2.
566 4660 608 4733 Si
635 4686 768 4756 corpus
796 4660 832 4733 in
859 4659 1090 4756 superficiem
1117 4658 1288 4756 quamvis
1317 4660 1352 4733 C
1361 4661 1412 4746 D,
1431 4660 1634 4734 secundum
1660 4659 1749 4737 line-

290 4803 351 4851 am
380 4793 519 4851 rectam
549 4777 590 4850 A
605 4779 655 4864 D,
684 4776 768 4875 lege
796 4777 929 4874 quavis
959 4777 1108 4850 ductam
1140 4777 1314 4866 incidens,
1346 4794 1513 4877 emergat
1546 4781 1749 4854 secundum

289 4895 400 4969 aliam
425 4895 596 4993 quamvis
623 4911 760 4970 rectam
790 4894 953 4981 Dte&
979 4921 1002 4967 a
1027 4911 1165 4992 puncto
1193 4896 1228 4969 C
1248 4894 1333 4969 duci
1364 4893 1615 4995 intelligantur
1643 4895 1750 4971 lineae
