4088 5768
299 451 338 521 ¹5
345 454 362 499 2
768 432 831 487 Dli
852 433 921 491 ,llo
929 434 956 490 T
958 434 990 491 ζ’
1008 434 1267 493 CORPORL'H

291 628 349 699 vis
376 626 587 721 centripeta‚
616 626 800 697 distantiis
828 624 990 699 locorum
1018 653 1042 699 a
1068 644 1197 700 centro
1224 626 1529 723 proportionalis,
1559 628 1703 702 tendat
1726 630 1770 701 ad

291 758 457 815 centrum
489 742 533 825 G,
560 743 682 837 sitque
709 767 755 813 ea
782 744 817 814 in
846 747 1046 839 perimetro
1071 746 1123 817 H
1128 746 1158 815 l
1163 744 1214 817 K
1232 743 1388 840 aequalis
1414 746 1456 817 vi
1483 746 1768 843 centripetaein

291 860 491 955 perimetro
527 858 628 957 globi
673 858 800 947 QOS
840 862 887 933 ad
933 864 1047 959 ipsius
1090 878 1258 934 centrum
1302 862 1498 947 tendenti;
1547 862 1589 935 81
1634 864 1768 939 eodem

291 991 458 1071 tempore
498 1000 574 1070 quo
616 973 818 1069 pendulum
869 978 908 1049 T
940 979 1138 1051 dimittitur
1179 1004 1202 1049 e
1235 976 1319 1051 loco
1353 1002 1539 1073 supremo
1578 980 1623 1065 S,
1661 980 1767 1053 cadat

290 1116 423 1187 corpus
457 1088 606 1185 aliquod
641 1090 678 1163 L
714 1092 762 1163 ab
796 1092 849 1163 H
876 1094 925 1165 ad
963 1095 1022 1167 G.-
1064 1094 1241 1189 quoniam
1275 1094 1375 1165 vires
1419 1094 1566 1189 quibus
1611 1120 1766 1193 corpora

291 1224 469 1303 urgentur
494 1222 582 1279 sunt
608 1204 770 1302 aequales
797 1209 867 1281 sub
896 1210 999 1283 initio
1027 1208 1220 1304 &spatiis
1250 1207 1512 1283 describendis
1554 1211 1597 1283 T
1598 1212 1654 1297 R,
1682 1212 1766 1285 LG

289 1348 437 1419 semper
454 1321 756 1419 proportionales,
774 1340 887 1419 atque
905 1325 998 1409 ideo,
1017 1326 1049 1396 si
1067 1340 1263 1420 aequantur
1289 1326 1329 1397 T
1331 1326 1373 1397 R
1400 1326 1439 1397 8ι
1466 1326 1503 1397 L
1521 1326 1572 1405 G.
1600 1328 1765 1425 aquales

291 1440 326 1512 in
362 1437 452 1513 loeis
490 1440 528 1513 T
555 1440 592 1512 81
625 1440 690 1525 L,·
717 1455 821 1535 patet
849 1466 1004 1535 corpora
1038 1439 1099 1513 illa
1132 1441 1344 1513 describere
1378 1442 1504 1537 spatia
1542 1444 1581 1515 S
1595 1443 1640 1529 T,
1672 1444 1760 1517 HL

290 1555 449 1651 aequalia
487 1556 557 1627 sub
592 1556 703 1635 initio,
741 1557 899 1653 ideoque
935 1557 1093 1629 subinde
1127 1583 1284 1654 pergere
1318 1558 1520 1653 aequaliter
1556 1562 1696 1659 urgeri,
1729 1560 1762 1635 ἃ

290 1672 449 1767 aequalia
478 1674 598 1767 spatia
623 1674 839 1746 describere.
911 1672 1039 1766 Quare
1068 1676 1149 1768 (per
1174 1700 1278 1769 prop.
1307 1674 1476 1771 xxxtnt)
1506 1692 1666 1771 tempus
1691 1700 1769 1773 quo

291 1814 425 1883 corpus
442 1788 616 1863 describit
632 1814 757 1862 areum
776 1791 810 1861 S
826 1790 864 1862 T
881 1806 940 1863 est
956 1791 1005 1862 ad
1023 1808 1170 1885 tempus
1188 1789 1430 1863 oscillationis
1449 1792 1578 1875 unius,
1598 1812 1642 1867 ut
1658 1820 1758 1867 arcus

288 1904 378 1989 Ill,
415 1922 561 2003 tempus
596 1932 672 2003 quo
706 1932 839 2002 corpus
873 1906 925 1979 H
954 1908 1147 2003 perveniet
1171 1908 1221 1979 ad
1250 1907 1299 1991 L,
1326 1905 1377 1979 ad
1408 1908 1758 2007 semipeiipheriam

284 3758 455 3842 HKM,
492 3771 640 3850 tempus
674 3777 750 3849 quo
784 3778 916 3848 corpus
951 3754 1002 3824 H
1040 3754 1233 3848 perveniet
1266 3755 1314 3827 ad
1348 3756 1410 3829 M.
1486 3758 1544 3832 Et
1580 3756 1750 3833 velocitas

222 3966 226 3973 Ι
283 3873 446 3971 corporis
464 3868 618 3969 penduli
639 3870 675 3941 in
694 3868 775 3942 loeo
801 3869 839 3940 T
858 3883 915 3940 est
932 3868 978 3940 ad
997 3868 1230 3943 velocitatem
1259 3871 1373 3967 ipsius
1396 3872 1434 3943 in
1453 3869 1541 3948 loco
1560 3874 1692 3947 infimo
1706 3870 1749 3953 R.

285 3992 370 4087 (hoc
396 4006 463 4075 est,
482 3987 660 4061 velocitas
687 3985 850 4081 corporis
876 3985 927 4056 H
949 3984 984 4056 in
1011 3982 1093 4058 loco
1119 3988 1154 4057 L
1183 3988 1231 4060 ad
1257 3986 1499 4061 velocitatem
1517 3991 1604 4088 ejus
1621 3991 1660 4063 in
1676 3988 1750 4061 loco

287 4108 333 4195 G,
369 4132 434 4179 seu
472 4105 738 4177 incrementum
775 4116 1074 4173 momentaneum
1118 4101 1226 4175 lineae
1260 4102 1352 4175 HL
1394 4103 1444 4175 ad
1483 4104 1749 4179 incrementum

283 4238 586 4295 momentaneum
605 4218 712 4291 linere
731 4218 825 4303 HG,
844 4217 1000 4289 arcubus
1019 4219 1098 4304 HI,
1118 4219 1216 4290 HK
1238 4218 1411 4315 aequabili
1430 4220 1538 4294 fluxu
1558 4218 1748 4295 crescenti·

282 4338 367 4434 bus)
388 4354 427 4411 ut
446 4335 643 4412 ordinatim
661 4331 845 4430 applicata
861 4334 929 4406 LI
942 4332 990 4404 ad
1009 4334 1151 4405 radium
1172 4336 1260 4420 GK,
1275 4336 1354 4408 sive
1372 4352 1414 4408 ut
1432 4339 1637 4438 ,islep-
1652 4342 1689 4415 T
1682 4342 1745 4437 Rq.

282 4456 330 4527 ad
373 4456 462 4528 Slr’.
539 4452 776 4535 undecim,
808 4451 843 4521 in
875 4447 1163 4521 oscillationibus
1199 4450 1453 4546 inaequalibus,
1492 4455 1749 4531 describantur

282 4568 487 4663 aequalibus
506 4568 735 4663 temporibus
753 4590 859 4637 arcus
879 4565 963 4636 totis
978 4563 1244 4637 oscillationum
1263 4567 1420 4638 arcubus
1438 4570 1746 4667 proportionales:

282 4683 473 4763 habentur,
506 4710 552 4755 ex
584 4682 681 4755 datis
713 4681 951 4777 temporibus,
984 4680 1020 4753 8c
1049 4680 1266 4775 velocitates
1298 4681 1334 4754 &
1363 4708 1473 4757 arcus
1505 4687 1687 4787 descripti
1713 4686 1745 4759 in

281 4798 570 4873 oscillatiouibns
589 4798 780 4871 universis.
838 4796 934 4891 Quae
952 4814 1057 4870 erant
1074 4798 1194 4893 primo
1213 4797 1444 4872 invenienda.
