4088 5768
859 518 1000 583 arnan
1020 518 1205 578 paruus.
1315 492 1317 497 ’
1695 541 1766 615 135

373 717 488 790 Corol.
516 739 549 807 4.
582 715 634 788 Et
651 711 915 798 universaliter,
934 713 965 785 si
992 711 1156 808 corporis
1173 710 1330 787 altitudo
1348 714 1510 786 maxima
1539 714 1628 786 CV
1648 717 1765 788 nomi-

303 848 411 907 netur
427 831 483 918 T,
503 831 539 904 &
566 830 691 904 radius
709 815 922 904 ‘curvaturae
940 855 1052 926 quarn
1076 830 1178 903 orbis
1219 830 1258 901 V
1261 815 1358 903 PK
1378 830 1492 907 habet
1517 831 1553 903 in
1582 831 1623 916 V,
1644 831 1680 904 id
1708 849 1766 906 est

302 949 427 1023 radius
453 947 580 1042 circuli
596 946 804 1044 aequaliter
833 948 945 1033 curvi,
978 946 1188 1020 nominetur
1216 947 1260 1033 R,
1294 946 1330 1020 8r
1360 949 1417 1022 vis
1445 948 1658 1043 centripeta,
1689 974 1765 1046 qua

300 1091 433 1162 corpus
463 1065 500 1137 in
531 1065 738 1164 trajectoria
773 1088 994 1160 quacunque
1020 1059 1197 1136 immobili
1233 1064 1271 1136 V
1276 1064 1372 1137 PK
1394 1062 1537 1138 revolvi
1574 1080 1699 1160 potest
1725 1066 1761 1139 in

300 1246 381 1321 loco
409 1248 450 1333 V,
476 1247 620 1320 dicatur
636 1191 780 1389 VT—F?
812 1261 925 1341 atque
955 1243 1034 1316 aliis
1066 1243 1102 1317 in
1133 1241 1221 1318 locis
1251 1245 1290 1317 P
1323 1244 1513 1354 indefinite
1539 1244 1682 1357 dicatur
1710 1247 1760 1333 X,

300 1423 495 1507 altitudine
517 1435 551 1507 C
556 1435 594 1506 P
611 1434 802 1508 nominata
818 1432 866 1519 A,
886 1431 922 1505 81
940 1431 1105 1529 capiatur
1131 1431 1167 1505 G
1185 1430 1233 1503 ad
1247 1430 1285 1529 3F
1314 1431 1350 1534 in
1369 1430 1457 1504 data
1475 1431 1616 1505 ratione
1633 1430 1759 1529 anguli

309 1551 347 1622 V
356 1551 422 1646 Cp
445 1549 493 1623 ad
511 1548 688 1648 angulum
725 1550 763 1622 V
774 1550 809 1622 C
813 1551 876 1625 P.-
899 1550 969 1623 erit
995 1549 1053 1622 vis
1079 1549 1291 1644 centripeta„
1320 1572 1393 1643 qua
1409 1573 1543 1644 corpus
1560 1548 1660 1622 idem
1676 1575 1759 1623 eos-

298 1667 386 1740 dem
417 1682 539 1741 motus
570 1668 608 1740 in
638 1666 769 1757 eadem
800 1666 1008 1763 trajectoria
1032 1665 1131 1762 upk
1156 1661 1378 1738 circulariter
1404 1680 1505 1738 mota
1531 1665 1759 1762 temporibus

301 1849 322 1864 ..
1029 1848 1068 1864 ..
1248 1784 1283 1856 V
1299 1781 1572 1857 RGG—VR
1589 1784 1666 1856 FF

299 1849 429 1923 nsdem
448 1874 627 1965 peragere
644 1863 768 1945 potest
785 1863 826 1920 ut
843 1873 989 1921 summa
1001 1871 1134 1920 vinum
1154 1847 1194 1920 X
1204 1862 1237 1927 ψ
1393 1907 1431 1979 Α
1449 1908 1524 1982 cub·
1669 1893 1679 1908 .

369 2028 486 2101 Corol.
518 2049 548 2122 5.
580 2028 683 2101 Dato
709 2028 821 2126 igitur
845 2043 947 2103 motu
974 2027 1137 2124 corporis
1156 2027 1192 2099 in
1219 2025 1309 2100 orbe
1326 2049 1548 2121 quocunque
1567 2024 1756 2114 immobili,

295 2145 424 2242 augeri
451 2143 510 2218 vel
538 2146 652 2218 minui
678 2160 802 2242 potest
827 2147 907 2244 ejus
934 2161 1057 2219 motus
1082 2141 1267 2242 angularis
1302 2142 1397 2214 circa
1426 2157 1593 2215 centrum
1623 2144 1757 2217 virium

294 2262 336 2343 in
364 2263 506 2336 ratione
540 2262 637 2349 data,
669 2262 821 2336 &inde
856 2262 1011 2336 inveniri
1047 2261 1133 2335 novi
1168 2259 1278 2334 orbes
1313 2257 1520 2334 immobiles
1551 2259 1588 2333 in
1623 2261 1756 2357 quibus

294 2405 452 2477 corpora
469 2380 576 2455 novis
595 2380 734 2454 viribus
751 2380 963 2476 centripetis
980 2395 1167 2478 gyrentur.

367 2498 484 2571 Corol.
499 2502 531 2572 6.
568 2497 686 2594 Igitur
702 2497 733 2570 si
751 2497 800 2569 ad
819 2513 956 2571 rectam
978 2498 1013 2570 C
1028 2497 1066 2569 V
1073 2496 1170 2592 posi-

296 2613 398 2687 tione
424 2612 552 2686 datam
580 2614 742 2711 erigatur
758 2611 1062 2710 perpendiculum
1090 2614 1173 2686 VP

296 2729 538 2828 longitudinis
586 2731 889 2819 indeterminatae,
919 2733 1172 2831 jungaturque

299 2848 334 2921 C
340 2848 379 2918 P
396 2846 519 2943 &ipsi
538 2845 690 2943 aequalis
701 2863 833 2946 agatur
852 2849 887 2922 C
883 2857 925 2945 p,
944 2849 1171 2922 constituens

295 2961 473 3061 angulum
501 2963 539 3035 V
551 2964 585 3036 C
584 2972 625 3059 p,
645 2965 707 3060 qui
726 2965 774 3038 sit
790 2965 838 3038 ad
848 2962 1026 3063 angulum
1053 2966 1091 3038 V
1095 2967 1129 3039 C
1134 2967 1173 3038 P

296 3080 332 3151 in
351 3077 440 3152 data
457 3081 618 3165 ratione;
648 3081 705 3153 vis
724 3106 798 3177 qua
815 3106 948 3177 corpus
964 3083 1087 3180 gyrari
1105 3107 1169 3178 po

295 3211 370 3298 test
397 3196 433 3268 in
452 3223 565 3270 curva
589 3195 650 3270 illa
677 3199 786 3294 Vpk,
814 3223 926 3295 quam
944 3216 1121 3296 punctum
1138 3210 1170 3297 p

294 3328 477 3408 perpetuo
510 3314 640 3412 tangit,
676 3315 745 3388 erit
771 3315 955 3412 reciproce
981 3332 1022 3390 ut
1056 3317 1170 3389 cubus

293 3426 499 3501 altitudinis
533 3429 567 3502 C
563 3439 606 3524 p.
662 3429 762 3502 Nam
781 3456 914 3527 corpus
939 3432 978 3503 P
1001 3433 1170 3529 pervim

294 3546 447 3632 inertiae,
479 3544 578 3618 nulla
607 3545 679 3619 alia
707 3548 746 3620 vi
776 3564 941 3647 urgente,
968 3548 1199 3623 uniformiter
1226 3550 1401 3648 progredi
1432 3564 1556 3645 potest
1585 3549 1622 3622 in
1654 3563 1753 3621 recta

303 3664 341 3735 V
345 3664 393 3736 P.
462 3663 637 3737 Addatur
670 3664 728 3737 vis
763 3665 799 3737 in
835 3681 1001 3738 centrum
1030 3666 1070 3752 C,
1105 3667 1200 3741 cubo
1236 3664 1440 3740 altitudinis
1478 3667 1512 3739 C
1521 3668 1560 3739 P
1589 3664 1649 3739 vel
1688 3666 1722 3738 C
1719 3675 1752 3760 p

292 3782 480 3878 reciproce
523 3782 816 3879 proportionalis
861 3781 897 3854 8c
935 3780 1017 3880 (per
1048 3783 1128 3880 jam
1168 3782 1435 3882 demonstrata)
1473 3783 1754 3879 detorquebitur

293 3913 418 3971 motus
456 3895 515 3971 ille
551 3897 759 3973 rectilineus
795 3899 831 3971 in
866 3895 1001 3972 lineam
1036 3925 1186 3973 curvam
1230 3903 1269 3974 V
1266 3912 1299 3997 p
1312 3902 1345 3975 k.
1408 3901 1481 3974 Est
1513 3915 1638 3974 autem
1673 3899 1754 3973 haec

291 4040 408 4089 curva
446 4015 484 4087 V
481 4014 553 4112 pk
586 4016 718 4090 eadem
753 4041 837 4089 curn
872 4041 985 4090 curva
1020 4013 1081 4088 illa
1121 4018 1159 4089 V
1165 4019 1252 4109 PQ
1292 4019 1329 4091 in
1364 4015 1473 4092 corol.
1503 4041 1524 4110 3
1556 3998 1658 4114 prop.
1686 4039 1752 4089 xm

291 4134 457 4218 inventa,
493 4132 530 4204 in
569 4157 644 4229 qua
687 4133 736 4206 ibi
771 4133 932 4206 diximus
971 4160 1125 4230 corpora
1166 4135 1377 4234 hujusmodi
1414 4135 1554 4209 viribus
1595 4150 1751 4208 attracta

290 4247 445 4347 oblique
470 4250 679 4324 ascendere
1635 4242 1637 4246 ’
