4110 5782
914 401 981 457 DE
1001 400 1105 460 MOT
1107 400 1135 459 U
1154 400 1409 460 CORPORUM

1060 658 1256 731 Sclcolium.

500 841 543 912 In
563 841 620 913 his
638 839 810 913 omnibus
828 863 999 933 suppono
1026 837 1179 909 fluidum
1206 863 1253 911 ex
1280 839 1434 911 materia
1457 841 1581 936 quoad
1601 841 1825 916 densitatem
1853 844 1890 919 &

430 957 647 1030 fluiditatem
666 955 837 1028 uniformi
856 971 1034 1027 constare.
1108 954 1202 1027 Tale
1228 970 1285 1028 est
1312 957 1347 1027 in
1376 981 1450 1052 quo
1467 955 1601 1053 globus
1628 958 1726 1031 idem
1753 962 1890 1033 eodem

428 1099 512 1146 cum
543 1090 655 1158 motu,
680 1075 715 1145 in
743 1073 876 1145 eodem
904 1070 1081 1167 temporis
1109 1070 1311 1157 intervallo,
1331 1087 1455 1145 motus
1481 1074 1619 1147 similes
1647 1075 1683 1147 8c
1710 1077 1887 1172 aequaleS,

427 1192 476 1262 ad
503 1189 665 1287 aequales
692 1215 839 1285 semper
866 1215 888 1261 a
914 1214 954 1260 se
981 1189 1185 1274 distantias
1205 1190 1326 1261 ubivis
1350 1186 1390 1260 in
1410 1191 1523 1264 fluido
1550 1194 1780 1279 constitutus,
1801 1221 1887 1289 pro-

427 1334 565 1405 pagare
583 1308 709 1404 possit.
766 1306 932 1379 Conatur
949 1306 1100 1401 quidem
1128 1307 1281 1379 materia
1299 1332 1367 1402 per
1384 1324 1525 1381 motum
1544 1335 1652 1381 suum
1672 1309 1886 1385 circularem

427 1425 599 1498 recedere
634 1426 681 1497 ab
716 1450 787 1496 axe
821 1423 980 1507 vorticis,
1018 1421 1054 1494 81
1089 1439 1286 1518 propterea
1320 1425 1455 1519 premit
1498 1426 1690 1497 materiam
1734 1452 1886 1500 omnem

357 1581 359 1585 ·
427 1540 647 1614 ulteriorem.
715 1540 777 1612 Ex
795 1541 864 1612 hac
890 1540 1080 1635 pressione
1100 1540 1140 1612 fit
1158 1541 1303 1612 attritus
1322 1542 1480 1635 partium
1499 1541 1682 1614 sortior&
1700 1545 1887 1637 separatio

426 1657 474 1728 ab
493 1656 650 1729 invicem
668 1655 871 1743 difficilior;
900 1655 936 1728 dc
954 1680 1021 1750 per
1038 1681 1269 1751 consequens
1287 1657 1504 1729 diminuitur
1529 1657 1693 1730 materiae
1713 1658 1884 1732 fluiditas.

429 1772 572 1845 Rursus
598 1773 629 1844 si
656 1788 780 1867 partes
806 1773 907 1845 fluidi
935 1787 1021 1845 sunt
1048 1770 1180 1845 alicubi
1208 1761 1405 1847 crassiores
1433 1799 1498 1846 seu
1526 1775 1693 1870 majores
1723 1775 1885 1848 fluiditas

427 1890 476 1962 ibi
504 1890 726 1974 minorent,
754 1889 802 1961 ob
829 1891 1020 1984 pauciores
1047 1889 1259 1985 superficies
1287 1891 1323 1962 in
1350 1891 1484 1986 quibus
1511 1907 1635 1986 partes
1666 1909 1886 1987 separentur

425 2008 473 2079 ab
508 2007 676 2080 invicem.
751 2006 794 2077 In
839 2005 1049 2103 hujusmodi
1093 2006 1238 2078 casibus
1282 2006 1516 2080 deficientem
1560 2008 1778 2081 fluiditatem
1822 2010 1900 2084 vel'

426 2122 632 2196 lubricitate
653 2123 813 2219 partium
840 2121 900 2195 vel
926 2122 1068 2196 lentore
1094 2120 1213 2196 aliave
1240 2121 1362 2218 aliqua
1389 2123 1600 2197 conditione
1627 2127 1768 2198 restitui
1794 2153 1882 2223 sup·
1991 2155 1995 2161 ·

424 2265 534 2336 pono
609 2239 696 2313 Hoc
723 2239 792 2312 nisi
820 2239 892 2325 fiat,
913 2241 1067 2313 materia
1092 2241 1154 2312 ubi
1182 2240 1304 2311 minus
1330 2239 1444 2312 fluida
1470 2256 1527 2313 est
1545 2241 1663 2338 magis
1682 2242 1883 2317 cohaerebit

425 2357 461 2430 81
479 2359 628 2456 segnior
645 2359 723 2443 erit,
743 2358 902 2454 ideoque
920 2373 1061 2430 motum
1088 2356 1228 2429 tardius
1255 2356 1406 2450 recipiet
1432 2356 1468 2429 81
1494 2355 1640 2454 longius
1658 2361 1883 2456 propagabit

424 2499 536 2570 quam
555 2501 622 2569 pro
640 2476 782 2547 ratione
800 2475 968 2569 superius
986 2473 1182 2571 assignata.
1255 2473 1296 2545 Si
1324 2472 1442 2570 figura
1467 2475 1567 2546 vasis
1594 2499 1667 2546 non
1694 2474 1742 2547 sit
1759 2477 1880 2571 sphae-

424 2591 507 2674 rica,
527 2591 777 2662 movebuntur
793 2588 982 2685 particulae
1001 2591 1037 2662 in
1055 2589 1161 2662 lineis
1188 2615 1262 2662 non
1290 2587 1528 2663 circularibus
1546 2591 1612 2664 sed
1632 2591 1880 2666 conformibus

423 2706 545 2778 eidem
588 2705 689 2778 vasis
732 2705 871 2802 figurae,
916 2707 952 2779 &
1003 2722 1171 2801 tempora
1218 2704 1407 2800 periodica
1449 2721 1557 2779 erunt
1607 2721 1648 2779 ut
1699 2709 1881 2803 quadrata

423 2822 663 2895 mediocrium
681 2822 938 2895 distantiarum
964 2849 986 2895 a
1013 2839 1139 2896 centro
1158 2823 1449 2918 quamproxlme.
1523 2825 1565 2895 ln
1593 2825 1759 2919 partibus
1786 2827 1882 2900 inter

423 2953 588 3011 centrum
616 2938 652 3011 dc
678 2939 1017 3025 circumferentiam,
1046 2940 1108 3012 ubi
1135 2938 1265 3012 latiora
1291 2955 1378 3012 sunt
1408 2940 1537 3034 spatia,
1565 2940 1745 3013 tardiores
1771 2956 1881 3014 erunt

423 3072 555 3142 motus
583 3058 645 3128 ubi
672 3058 886 3153 angustiora
912 3056 1123 3142 velociores
1153 3082 1274 3153 neque
1301 3072 1426 3129 tamen
1453 3055 1641 3152 particulae
1676 3056 1880 3131 velociores

422 3187 552 3269 petent
578 3172 918 3246 circumferentiam.
985 3174 1107 3247 Arcus
1134 3175 1232 3247 enirn
1262 3174 1473 3247 describent
1507 3175 1628 3246 minus
1663 3201 1805 3260 curvos
1843 3175 1878 3247 δι

422 3305 576 3364 conatus
595 3290 832 3368 recedendia
858 3307 985 3364 centro
1013 3316 1086 3363 non
1114 3291 1234 3362 minus
1261 3290 1486 3363 diminuetur
1511 3315 1577 3384 per
1602 3290 1878 3363 decrementum

422 3408 530 3505 hujus
549 3423 764 3494 curvatura,
784 3433 896 3503 quarn
915 3409 1112 3505 augebitur
1136 3433 1204 3503 per
1229 3408 1494 3481 incrementum
1521 3404 1736 3479 velocitatis,
1793 3407 1877 3479 Per-

421 3527 546 3623 gendo
575 3552 597 3599 a
627 3525 756 3621 spatiis
791 3525 1067 3622 angustioribus
1104 3525 1139 3596 in
1169 3522 1299 3598 latiora
1327 3524 1501 3598 recedent
1528 3521 1640 3618 paulo
1675 3522 1819 3620 longius
1856 3549 1878 3595 a

423 3660 560 3730 centro,
579 3644 645 3717 sed
666 3644 736 3723 isto
754 3668 900 3715 recessu
920 3643 1149 3730 tardescent;
1178 3641 1444 3715 &accedendo
1462 3656 1593 3736 postea
1614 3641 1662 3713 de
1688 3640 1878 3714 latioribus

421 3759 470 3833 ad
506 3761 721 3857 angustiora
755 3758 1066 3848 accelerabuntur‚
1104 3759 1140 3832 dc
1175 3761 1227 3832 sic
1262 3786 1328 3855 per
1362 3760 1462 3830 vices
1498 3759 1709 3831 tardescent
1749 3758 1784 3830 &
1819 3784 1876 3831 ac-

420 3876 678 3951 celerabuntur
703 3877 892 3973 particulae
918 3875 1075 3975 singulae
1094 3877 1131 3949 in
1150 3893 1380 3972 perpetuum.
1440 3876 1535 3947 Haec
1555 3876 1606 3948 ita
1624 3901 1664 3948 se
1687 3875 1877 3948 habebunt

420 3994 456 4067 in
475 4019 564 4067 vase
583 3993 711 4091 rigido.
783 3994 883 4067 Nam
902 3995 938 4066 in
956 3994 1070 4068 fluido
1088 3993 1232 4067 infinito
1250 3992 1463 4066 constitutio
1481 3994 1662 4066 vorticum
1682 3993 1877 4066 innotescit

418 4137 486 4207 per
503 4111 763 4207 propositionis
782 4112 890 4208 hujus
908 4110 1137 4184 corollarium
1156 4126 1311 4183 sextum.

489 4212 738 4324 Proprietates
756 4242 881 4299 autem
899 4228 1081 4300 vorticum
1100 4228 1168 4299 hac
1195 4226 1448 4321 propositione
1475 4227 1700 4323 investigare
1722 4240 1875 4298 conatus

418 4372 511 4432 sum,
530 4362 572 4418 ut
589 4359 838 4441 pertentarem
856 4344 964 4438 siqua
989 4345 1130 4418 ratione
1157 4346 1404 4440 phaenomena
1430 4343 1596 4417 coelestia
1623 4369 1689 4439 per
1715 4343 1874 4416 vortices

418 4462 591 4558 explicari
623 4463 774 4558 possint.
845 4461 946 4533 Nam
978 4461 1251 4556 phaenomenon
1283 4476 1348 4546 est,
1381 4462 1482 4557 quod
1513 4458 1744 4556 planetarum
1779 4459 1874 4531 circa

413 4581 541 4676 jovem
565 4580 833 4654 revolventium
861 4597 1030 4674 tempora
1057 4578 1243 4673 periodica
1269 4594 1355 4651 sunt
1382 4580 1418 4651 in
1445 4578 1586 4651 ratione
1613 4574 1874 4671 sesquiplicata

323 4687 324 4690 ¹
417 4697 673 4769 distantiarum
709 4723 731 4769 a
765 4712 892 4769 centro
918 4696 1041 4793 jovis;
1081 4695 1116 4768 δι
1147 4696 1278 4769 eadem
1311 4696 1437 4794 regula
1472 4695 1615 4769 obtinet
1644 4696 1679 4766 in
1715 4692 1872 4789 planetis

417 4815 480 4910 qui
499 4815 594 4887 circa
611 4813 726 4887 solem
753 4812 999 4887 revolvuntur.
1074 4812 1255 4886 Obtinent
1282 4830 1405 4887 autem
1433 4814 1491 4886 hae
1519 4811 1655 4909 regulae
1684 4813 1719 4883 in
1747 4809 1870 4904 plane-
