4110 5782
393 448 465 518 350
870 427 937 485 nr:
957 427 1095 487 noro
1114 426 1369 487 conponam

388 623 524 718 proprii
561 647 636 717 quo
670 620 895 693 descendere
930 620 1106 695 deberet:
1144 620 1180 694 81
1208 646 1276 716 pro
1305 621 1445 718 majore
1473 617 1533 692 vel
1563 620 1704 693 minore
1735 620 1840 694 oscil-

386 739 533 825 latione,
569 738 688 834 magis
722 734 782 810 vel
818 738 938 808 minus
974 737 1188 810 retardatur.
1269 736 1484 830 Quinetiam
1524 737 1658 834 globus
1702 740 1843 812 recedit

388 879 536 949 semper
552 880 575 926 a
593 851 707 926 latere
724 879 792 926 suo
820 853 921 949 quod
948 879 1015 949 per
1040 852 1306 926 oscillationem
1332 852 1536 939 descendit,
1567 854 1603 926 81
1632 856 1841 930 recedendo

387 971 661 1066 appropinquat
694 966 871 1043 lateribus
905 970 1004 1041 vasis
1049 968 1085 1042 8c
1128 969 1164 1040 in
1204 966 1319 1040 latera
1363 994 1627 1065 nonnunquam
1673 971 1840 1069 impingi-

388 1103 455 1160 tur.
538 1087 590 1159 Et
633 1086 711 1159 haec
745 1084 924 1160 oscillatio
958 1087 996 1158 in
1029 1083 1151 1182 globis
1184 1084 1416 1182 gravioribus
1459 1085 1588 1159 sortior
1621 1100 1687 1172 est,
1724 1086 1760 1159 &
1804 1087 1840 1158 in
1897 1120 1901 1126 ·

387 1203 587 1299 majoribus
608 1228 743 1298 aquam
771 1204 890 1299 magis
918 1201 1043 1298 agitat
1099 1199 1346 1296 Quapropter,
1365 1217 1407 1274 ut
1436 1201 1615 1276 oscillatio
1643 1201 1839 1300 globorum

387 1319 509 1391 minor
551 1318 776 1403 redderetur,
814 1316 946 1416 globos
995 1343 1114 1390 novos
1157 1343 1204 1389 ex
1247 1343 1331 1390 cera
1366 1319 1402 1391 dr
1444 1317 1598 1415 plumbo
1640 1321 1839 1406 construxi,

388 1433 577 1532 infigendo
606 1432 798 1530 plumbum
830 1435 866 1506 in
897 1431 993 1505 latus
1020 1432 1171 1529 aliquod
1198 1431 1299 1530 globi
1330 1459 1446 1530 prope
1474 1435 1707 1529 superficiem
1738 1437 1839 1533 ejus;

388 1551 425 1625 &
457 1550 610 1649 globum
646 1551 696 1624 ita
731 1550 871 1634 demisi,
903 1565 945 1622 ut
978 1548 1075 1622 latus
1108 1551 1270 1648 gravius
1302 1551 1426 1646 quoad
1462 1551 1540 1624 fieri
1575 1552 1704 1647 potuit,
1741 1567 1840 1624 esset

382 1667 549 1740 infimum
583 1668 631 1739 ab
666 1666 769 1739 initio
803 1668 1013 1763 despensus
1085 1666 1149 1739 Sic
1183 1664 1428 1740 oscillationes
1454 1667 1562 1741 factae
1597 1682 1684 1740 sunt
1720 1666 1837 1740 multo

385 1784 546 1857 minores
563 1784 796 1879 quampriuS,
813 1782 962 1880 &globi
977 1784 1205 1879 temporibus
1223 1785 1344 1856 minus
1358 1783 1600 1882 inaequalibus
1618 1785 1837 1870 ceciderunt,

385 1902 480 1973 utin
499 1901 761 1996 experimentis
779 1900 1030 1996 sequentibus,
1939 1999 1942 2003 ,

451 2019 587 2111 Exper.
609 2020 641 2089 8.
672 2014 784 2089 Globi
802 2032 969 2113 quatuor,
989 2016 1156 2112 pondere
1180 2041 1381 2113 granorum
1414 2040 1482 2109 139
1512 2017 1548 2089 in
1577 2016 1716 2090 aere&
1739 2016 1779 2095 oi
1801 2017 1837 2089 in

383 2160 490 2231 aqua,
521 2161 623 2230 saepe
652 2134 813 2219 demissi,
845 2134 1057 2207 ceciderunt
1084 2134 1314 2230 temporibus
1345 2132 1614 2206 oscillationum
1647 2159 1720 2206 non
1756 2131 1836 2228 plu-

384 2255 479 2327 rium
497 2277 609 2348 quam
630 2272 686 2344 52,
706 2275 780 2322 non
808 2251 1022 2345 pauciorum
1049 2276 1161 2347 quam
1193 2272 1248 2344 50,
1281 2250 1317 2322 &
1345 2251 1507 2323 maxima
1535 2275 1583 2322 ex
1613 2264 1718 2345 parte
1744 2266 1835 2323 tem-

385 2395 477 2466 pore
505 2365 774 2442 oscillationum
812 2388 853 2459 51
893 2367 1044 2454 circiter,
1081 2368 1333 2442 describentes
1367 2366 1600 2441 altitudinem
1635 2366 1836 2463 digitorum

390 2490 468 2558 182.
515 2502 517 2504 ’
564 2525 568 2532 ·

438 2601 510 2673 Per
543 2600 723 2672 theoriam
758 2597 892 2670 cadere
925 2598 1134 2670 debuerunt
1164 2613 1331 2694 tempore
1361 2597 1627 2672 oscillationum
1661 2619 1704 2690 52
1736 2598 1834 2671 circi-

384 2731 449 2790 ter.

450 2834 587 2928 Exper.
608 2855 640 2923 9.
671 2828 783 2903 Globi
827 2844 993 2925 quatuor,
1029 2830 1195 2927 pondere
1237 2855 1434 2927 granorum
1472 2841 1564 2925 273}
1598 2832 1635 2904 in
1670 2856 1756 2904 aere
1799 2831 1835 2903 dr

390 2957 480 3038 1403
507 2948 543 3019 in
574 2972 679 3042 aqua,
698 2945 835 3040 saepius
865 2946 1026 3033 demissi,
1058 2947 1269 3020 ceciderunt
1303 2947 1531 3043 temporibus
1565 2945 1834 3021 oscillationum

385 3089 459 3137 non
502 3064 715 3158 pauciorum
758 3089 870 3159 quam
921 3086 973 3148 12,
1018 3088 1092 3135 non
1136 3060 1295 3158 plurium
1336 3089 1447 3159 quam
1489 3088 1541 3156 13,
1582 3064 1834 3137 describentes

383 3179 616 3253 altitudinem
634 3179 834 3276 digitorum
858 3183 936 3251 182.
1689 3172 1692 3177 ’

452 3297 524 3368 Per
540 3295 719 3367 theoriam
737 3319 827 3367 vero
845 3294 882 3365 hi
900 3291 1001 3391 globi
1014 3295 1147 3369 cadere
1164 3294 1371 3367 debuerunt
1382 3308 1549 3389 tempore
1567 3293 1833 3368 oscillationum

336 3414 339 3418 ’
389 3420 453 3499 11}
470 3410 759 3506 quamproxime.

449 3527 586 3622 Exper.
612 3549 663 3599 10.
694 3523 805 3598 Globi
841 3541 1009 3621 quatuor,
1045 3526 1212 3621 pondere
1245 3551 1445 3623 granorum
1482 3529 1555 3619 384
1596 3528 1632 3598 in
1677 3553 1761 3600 aere
1797 3527 1833 3599 dt

388 3654 477 3736 1193,
495 3645 531 3716 in
559 3668 665 3739 aqua,
685 3668 785 3737 saepe
813 3643 975 3726 demissi,
994 3641 1176 3714 cadebant
1202 3642 1429 3737 temporibus
1457 3640 1724 3714 oscillationum
1760 3652 1832 3734 173,

388 3764 440 3845 18,
480 3764 544 3846 182}
574 3759 610 3831 dr
646 3783 700 3850 19,
732 3759 984 3832 describentes
1015 3757 1245 3831 altitudinem
1277 3759 1477 3855 digitorum
1519 3761 1616 3845 1814.
1690 3759 1743 3830 Et
1769 3758 1833 3831 ubi

293 3917 296 3923 ·
381 3878 592 3950 ceciderunt
619 3889 786 3970 tempore
812 3873 1080 3947 oscillationum
1113 3899 1165 3965 19,
1185 3899 1451 3970 nonnunquam
1478 3875 1603 3947 audivi
1634 3875 1832 3970 impulsum

382 4017 511 4065 eorum
530 3993 565 4064 in
585 3991 700 4063 latera
717 3991 817 4062 vasis
831 4006 1031 4087 antequam
1050 3991 1097 4062 ad
1115 3990 1271 4062 fundum
1291 4007 1549 4086 pervenerunt.

449 4108 521 4179 Per
550 4105 730 4179 theoriam
748 4131 838 4179 vero
868 4105 1000 4179 cadere
1031 4105 1239 4179 debuerunt
1267 4122 1434 4201 tempore
1461 4104 1732 4179 oscillationum
1766 4127 1830 4203 153

381 4221 672 4319 quamproxime.
1227 4283 1231 4290 .

446 4339 583 4433 Exper.
608 4361 661 4409 11.
683 4332 804 4408 'Globi
833 4341 907 4409 tre's
933 4335 1105 4432 aequales,
1134 4336 1300 4431 pondere
1326 4362 1526 4434 granorum
1554 4341 1602 4428 48
1628 4336 1664 4408 in
1683 4363 1769 4410 aere
1795 4338 1830 4410 81

381 4474 445 4553 344
463 4455 499 4527 in
520 4479 626 4549 aqua,
646 4478 746 4547 saepe
774 4452 935 4537 demissi,
963 4451 1173 4524 ceciderunt
1200 4454 1428 4547 temporibus
1456 4451 1724 4527 oscillationum
1749 4474 1828 4552 434„

379 4594 439 4661 44,
459 4589 538 4667 444,
558 4590 603 4661 45
626 4568 663 4640 dr
679 4574 740 4658 46,
761 4568 796 4640 81
814 4569 975 4640 maxima
1002 4592 1049 4639 ex
1079 4584 1184 4663 parte
1215 4592 1264 4661 44
1294 4568 1330 4642 81
1358 4592 1417 4663 45,
1436 4571 1687 4644 describentes
1706 4569 1828 4644 altitu-

378 4687 504 4760 dinem
523 4686 721 4782 digitorum
746 4688 836 4770 1823,
854 4684 1141 4779 quamproxime
