4088 5768
848 399 990 460 clxxx
1009 402 1193 463 marus.
1330 393 1332 396 ’
1681 434 1745 502 141

292 597 391 671 tibus
425 596 719 670 demonstratum
753 610 819 668 est.
852 636 855 646 ·
882 595 924 669 Si
959 621 1093 693 corpus
1123 599 1289 694 partibus
1320 599 1612 677 revolutionibus
1643 608 1751 680 unius

292 713 353 787 vel
371 713 488 786 tribus
506 713 655 809 quartis,
674 709 734 786 vel
761 712 905 785 duabus
936 715 1062 801 tertiis,
1080 714 1141 788 vel
1170 742 1245 788 una
1273 719 1391 810 tertia,
1419 719 1480 794 vel
1509 747 1582 794 una
1610 741 1756 836 quarta}

292 830 341 903 ad
359 830 527 926 apsidem
553 829 712 903 eandem
739 829 907 916 redierit;
935 831 1006 903 erit
1032 857 1069 903 m
1094 832 1142 905 ad
1160 860 1186 906 n
1205 849 1247 906 ut
1263 834 1285 914 l
1301 834 1362 909 vel
1379 835 1400 915 ἓ
1417 835 1478 911 νε]
1495 837 1516 916 ἑ
1533 836 1593 912 νε]
1611 840 1632 919 l
1648 841 1697 914 ad
1721 867 1750 928 1,

293 1012 453 1108 ideoque
489 958 673 1084 Ast*
699 1008 852 1106 aequalis
888 987 1105 1082 A¹v⁰·³ve1
1141 993 1272 1082 lli-³
1302 1009 1362 1084 vel
1390 1007 1485 1084 A⁹·³
1514 1010 1575 1086 vel
1610 998 1750 1102 A¹⁶'³;

292 1155 329 1228 &
346 1170 544 1253 propterea
560 1152 618 1226 vis
639 1166 704 1225 aut
732 1152 917 1247 reciproce
943 1165 986 1224 ut
1016 1126 1105 1223 Ap
1124 1150 1183 1227 vel
1202 1131 1271 1242 Al,
1295 1174 1360 1230 aut
1385 1158 1523 1232 directe
1549 1175 1591 1232 ut
1617 1161 1669 1233 A⁶
1689 1159 1750 1235 νε]

291 1272 367 1345 A¹³.
424 1271 599 1366 Denique
624 1269 656 1341 si
682 1294 815 1365 corpus
833 1268 1024 1366 pergendo
1037 1268 1085 1342 ab
1103 1270 1232 1366 apside
1245 1300 1391 1347 summa
1404 1275 1451 1348 ad
1465 1272 1633 1371 apsidem
1651 1303 1749 1351 sum·

292 1413 392 1461 mam
414 1385 612 1461 confecerit
633 1384 901 1460 revolutionem
929 1386 1120 1484 integram,
1140 1387 1176 1461 81
1193 1405 1374 1485 praeterea
1390 1392 1528 1489 gradus
1546 1409 1630 1479 tres
1650 1393 1750 1467 ideo-

290 1531 365 1603 que
382 1505 482 1602 apsis
501 1503 561 1577 illa
578 1502 733 1602 singulis
750 1504 913 1600 corporis
925 1502 1215 1580 revolutionibus
1227 1507 1426 1582 confecerit
1437 1510 1472 1582 in
1486 1511 1751 1608 consequentia
1860 1606 1861 1609 Ἴ

290 1623 430 1722 gradus
456 1637 551 1710 tres;
578 1622 649 1695 erit
673 1647 711 1694 m
733 1621 782 1694 ad
807 1647 835 1693 n
852 1635 894 1694 ut
918 1626 989 1715 363
1006 1646 1070 1717 gr.
1090 1622 1139 1695 ad
1167 1629 1240 1717 360
1260 1650 1323 1722 gr.
1342 1626 1422 1700 sive
1440 1612 1482 1700 ut
1513 1652 1575 1700 121
1598 1628 1646 1702 ad
1670 1653 1750 1715 120,

290 1806 451 1904 ideoque
478 1752 623 1878 Agl—³
640 1804 711 1877 erit
740 1800 884 1903 aequale
911 1763 1088 1876 A'llffl
1102 1834 1111 1893 ;
1154 1806 1191 1879 &
1225 1822 1422 1904 propterea
1449 1809 1507 1884 vis
1546 1811 1751 1908 centripeta

1244 1921 1259 1956 4

632 1919 727 1955 29528

295 1975 482 2072 reciproce
509 1988 550 2045 ut
578 1959 731 2044 Amm
755 1995 821 2044 seu
852 1971 1037 2069 reciproce
1067 1988 1108 2046 ut
1139 1972 1202 2044 Α2
1220 1959 1282 2002 m
1315 1975 1492 2070 proxime.
1558 1977 1751 2053 Decrescit

292 2091 404 2190 igitur
436 2089 494 2163 vis
528 2088 732 2185 centripeta
763 2088 799 2159 in
835 2089 977 2163 ratione
1006 2087 1118 2185 paulo
1147 2090 1286 2187 majore
1317 2116 1429 2185 quam
1460 2090 1654 2189 duplicata,
1682 2095 1750 2168 sed

290 2234 376 2306 quae
425 2207 566 2280 vicibus
612 2204 680 2300 59]
722 2205 874 2302 propius
916 2206 964 2280 ad
1009 2204 1232 2304 duplicatam
1281 2233 1393 2304 quam
1437 2209 1486 2282 ad
1529 2210 1749 2307 triplicatam

296 2325 447 2400 accedit

363 2442 483 2515 Corol.
507 2465 537 2515 2.
575 2438 677 2513 Hinc
704 2439 816 2513 etiam
846 2441 877 2513 si
909 2465 1051 2536 corpus,
1076 2441 1114 2514 vi
1143 2441 1346 2537 centripeta
1373 2465 1458 2537 quae
1488 2442 1537 2514 sit
1565 2442 1750 2538 reciproce

289 2575 332 2634 ut
350 2558 571 2657 quadratum
601 2554 815 2643 altitudinis
835 2555 1047 2630 revolvatur
1074 2557 1112 2630 in
1139 2555 1258 2655 ellipsi
1289 2558 1501 2631 umbilicum
1532 2559 1693 2634 habente
1712 2561 1749 2633 in

290 2694 419 2752 centro
445 2676 588 2762 virium,
609 2674 645 2748 8z
672 2674 757 2747 huic
788 2674 825 2747 vi
856 2675 1070 2771 centripetae
1098 2675 1258 2749 addatur
1286 2673 1346 2748 vel
1377 2675 1565 2749 auferatur
1590 2677 1649 2750 vis
1677 2674 1750 2750 alia

290 2796 436 2894 quaevis
463 2810 661 2882 extranea;
697 2791 871 2891 cognosci
896 2807 1020 2887 potest
1048 2791 1130 2889 (per
1154 2790 1326 2890 exempla
1352 2791 1474 2890 tertia)
1503 2808 1626 2866 motus
1650 2794 1748 2890 apsi-v

289 2915 381 2988 dum
409 2913 473 3011 qui
508 2937 556 2986 ex
589 2911 627 2985 vi
655 2909 717 2984 illa
743 2924 920 2983 extranea
954 2908 1118 2983 orietur:
1145 2909 1182 2982 &
1215 2925 1353 2983 contra
1426 2909 1483 2982 Ut
1516 2910 1547 2983 si
1582 2911 1640 2984 vis
1675 2937 1750 3011 qua

289 3089 424 3161 corpus
442 3060 645 3137 revolvitur
662 3061 698 3134 in
725 3057 843 3158 ellipsi
860 3058 909 3133 sit
925 3073 968 3131 ut
986 3034 1094 3205 ᾸῙ-Α,
1113 3059 1150 3132 &
1167 3059 1225 3133 vis
1248 3074 1425 3134 extranea
1449 3057 1572 3134 ablata
1598 3076 1640 3135 ut
1663 3086 1682 3134 c
1699 3061 1748 3148 A,

290 3305 534 3420 ideoquelvis
565 3301 705 3399 reliqua
734 3317 776 3376 ut
806 3252 997 3449 Ὴ;
1033 3301 1103 3375 erit
1130 3300 1181 3399 (in
1205 3299 1385 3397 exemplis
1412 3301 1543 3400 tertiis)
1577 3277 1609 3373 b·
1625 3327 1747 3398 aequa-

287 3495 335 3572 lis
369 3523 397 3584 1,
426 3522 463 3570 m
493 3493 646 3592 aequalis
682 3518 709 3580 1,
747 3492 783 3566 84
813 3519 838 3566 n
869 3489 1022 3589 aequalis
1052 3516 1086 3584 4,
1122 3491 1282 3589 ideoque
1316 3490 1474 3590 angulus
1509 3489 1748 3565 revolutionis

291 3666 388 3759 inter
403 3663 552 3762 apsides
570 3661 723 3760 aequalis
740 3658 878 3759 angulo
889 3660 1072 3759 graduum
1096 3664 1166 3735 180
1189 3659 1233 3753 ,J
1252 3633 1420 3824 ᾖ
1470 3658 1656 3732 Ponamus
1669 3657 1746 3730 vim

290 3855 390 3932 illam
408 3871 623 3930 extraneam
641 3878 724 3927 esse
751 3872 882 3946 35745
911 3853 1076 3948 partibus
1102 3853 1282 3926 minorem
1309 3875 1421 3947 quam
1445 3850 1503 3922 vis
1530 3847 1646 3922 altera
1675 3875 1750 3947 qua

289 4000 424 4072 corpus
452 3971 655 4047 revolvitur
681 3971 717 4044 in
748 3968 877 4068 ellipsi,
897 3968 934 4041 id
959 3985 1016 4043 est
1044 3997 1063 4044 c
1089 3995 1172 4043 esse
1201 3967 1312 4054 elliu,
1344 3968 1527 4040 existente
1554 3966 1593 4040 A
1619 3965 1680 4040 vel
1713 3965 1749 4038 T

290 4140 425 4241 aequali
450 4165 477 4228 1,
497 4140 533 4214 &
556 4143 626 4214 180
651 4111 860 4302 dffi
877 4136 1014 4230 evadet
1037 4139 1106 4211 180
1130 4134 1309 4228 dlllll,
1328 4159 1395 4208 seu
1424 4138 1615 4226 18o.7623,
1631 4133 1748 4221 idest,

296 4339 366 4410 180
376 4359 439 4432 gr.
460 4354 507 4426 45
527 4357 573 4406 m.
594 4355 644 4424 44
660 4355 687 4404 s.
754 4329 874 4427 Igitur
890 4355 1023 4427 corpus
1041 4330 1089 4404 de
1106 4329 1236 4426 apside
1258 4352 1403 4400 summa
1420 4325 1626 4414 discedens,
1646 4339 1749 4398 motu

288 4450 457 4552 angulari
490 4452 560 4523 180
586 4474 648 4546 gr.
668 4467 715 4539 45
744 4471 789 4519 m.
817 4469 866 4537 44
890 4471 917 4520 s.
946 4447 1139 4543 perveniet
1173 4446 1221 4519 ad
1256 4444 1424 4541 apsidem
1460 4444 1582 4530 imam,
1609 4442 1646 4515 &
1680 4441 1751 4515 hoc

290 4585 394 4644 motu
425 4564 613 4662 duplicato
643 4563 691 4636 ad
721 4562 889 4660 apsidem
920 4589 1103 4637 summam
1134 4563 1292 4638 redibit:
1332 4562 1491 4658 ideoque
1519 4561 1620 4657 apsis
1650 4585 1749 4634 sum-

290 4712 352 4760 ma
369 4681 525 4782 singulis
551 4677 842 4755 revolutionibus
867 4681 1141 4778 progrediendo
1166 4678 1335 4754 conficiet
1366 4702 1378 4750 1
1403 4703 1465 4775 gr.
1488 4700 1530 4771 31
1552 4703 1600 4750 m.
1627 4679 1673 4748 28
1690 4701 1749 4750 sec.

292 4803 412 4900 Apsis
430 4799 528 4873 lunae
546 4812 603 4870 est
620 4792 735 4892 duplo
752 4792 915 4871 velocior
931 4798 1081 4871 circiter.
1825 4789 1828 4800 '
