4088 5768
712 377 874 437 'nuces
892 377 1072 438 Morus..
1572 403 1616 474 25

162 565 248 648 lana
278 590 378 646 arcte
408 571 683 671 conglomerata
713 570 750 643 8ι
779 570 921 644 sortiter
950 573 1147 648 constricta
1172 573 1224 646 sic
1248 574 1398 649 tentavi.
1433 575 1619 655 ¹,Primum

162 691 394 766 demittendo
420 688 582 786 pendula
609 688 645 761 dc
671 689 919 762 mensurando
946 689 1192 774 reflexionem,
1220 689 1344 763 inveni
1375 693 1618 787 quantitatem

164 810 220 883 vis
251 807 431 894 elasticae;
463 806 599 880 deinde
628 805 815 900 perhanc
844 806 921 878 vim
952 806 1196 879 determinavi
1227 807 1446 882 reflexiones
1472 810 1509 886 in
1540 791 1620 883 aliis

164 927 308 1000 casibus
327 950 579 1009 concursuum,
600 923 636 996 82
655 923 929 1017 respondebant
946 923 1207 1018 experimenta.
1265 923 1453 997 Redibant
1473 950 1621 1021 semper

164 1040 246 1138 pilae
273 1043 321 1115 ab
348 1041 505 1115 invicem
532 1066 615 1113 cum
642 1037 837 1112 velocitate
869 1036 1030 1124 relativa,
1063 1064 1147 1134 quae
1178 1056 1277 1112 esset
1307 1040 1354 1112 ad
1386 1039 1620 1116 velocitatem

164 1159 354 1232 relativam
381 1184 580 1231 concursus
606 1173 647 1229 ut
676 1179 693 1249 5
723 1156 770 1228 ad
798 1181 821 1247 9
848 1156 997 1231 circiter.
1055 1156 1201 1228 Eadem
1227 1147 1304 1231 sere
1322 1182 1405 1230 cum
1424 1157 1620 1234 velocitate

164 1275 332 1347 redibant
363 1273 447 1370 pilae
478 1301 524 1347 ex
555 1271 734 1369 chalybe:
765 1270 846 1344 aliae
878 1297 924 1344 ex
959 1272 1092 1344 subere
1123 1298 1205 1345 cum
1242 1273 1352 1369 paulo
1380 1276 1546 1350 minore:
1582 1278 1619 1350 in

164 1391 289 1463 vitreis
320 1407 443 1463 autem
475 1391 664 1486 proportio
694 1407 773 1463 erat
808 1411 849 1482 15
878 1389 925 1461 ad
959 1395 1001 1461 16
1030 1390 1179 1463 circiter.
1253 1391 1381 1488 Atque
1412 1393 1482 1467 hoc
1511 1412 1619 1490 pacto

163 1505 222 1579 lex
240 1508 349 1580 tertia
366 1507 488 1604 quoad
508 1508 600 1580 ictus
619 1505 655 1578 82
674 1507 890 1581 reflexiones
904 1531 975 1602 ,per
992 1505 1171 1579 theoriam
1190 1510 1429 1605 comprobata
1449 1528 1515 1598 est,
1535 1538 1619 1608 quae

163 1649 246 1696 curn
264 1625 491 1719 experientia
509 1622 618 1720 plane
636 1625 813 1723 congruit.

233 1742 276 1813 ln
304 1742 581 1815 attractionibus
608 1767 685 1814 rem
712 1742 764 1830 sic
794 1741 956 1815 breviter
980 1742 1147 1816 ostendo.
1220 1744 1446 1840 Corporibus
1473 1747 1619 1821 duobus

163 1859 355 1955 quibusvis
381 1861 435 1954 Α,
461 1861 500 1931 Β
525 1885 566 1932 se
592 1875 720 1932 mutuo
752 1858 990 1945 trahentibus,
1018 1860 1170 1956 concipe
1200 1859 1428 1934 obstaculum
1460 1864 1619 1959 quodvis

165 1977 355 2073 interponi,
384 2003 458 2073 quo
484 2001 703 2074 congressus
730 2000 857 2048 eorum
885 1976 1113 2072 impediatur.
1178 1977 1219 2050 Si
1246 2003 1378 2073 corpus
1404 1978 1619 2054 alterutrum

163 2096 203 2166 A
233 2095 352 2191 magis
379 2094 534 2178 trahitur
559 2119 689 2167 versus
716 2118 849 2189 corpus
875 2092 1032 2166 alterum
1057 2096 1105 2179 B,
1133 2119 1245 2189 quam
1277 2093 1364 2168 illud
1396 2095 1551 2170 alterum
1581 2100 1621 2170 B

165 2213 200 2284 in
219 2213 319 2307 prius
344 2213 398 2298 A,
418 2211 647 2286 obstaculum
673 2210 792 2308 magis
818 2211 1008 2308 urgebitur
1033 2211 1223 2306 pressione
1249 2213 1411 2307 corporis
1436 2214 1477 2286 A
1507 2241 1619 2312 quam

164 2331 354 2426 pressione
380 2331 542 2426 corporis
561 2331 617 2414 B;
644 2327 874 2424 proindeque
901 2354 974 2401 non
1002 2329 1166 2401 manebit
1192 2329 1228 2400 in
1251 2328 1464 2425 aequilibrio.
1522 2333 1618 2406 Prae-

164 2446 301 2521 valebit
332 2449 472 2544 pressio
502 2448 639 2532 sortior,
671 2447 854 2542 facietque
889 2462 930 2518 ut
964 2463 1128 2542 systema
1161 2472 1356 2542 corporum
1390 2449 1547 2523 duorum
1584 2451 1620 2525 dr

163 2564 341 2638 obstaculi
360 2581 554 2639 moveatur
572 2565 608 2636 in
626 2564 806 2636 directum
826 2563 861 2634 in
881 2579 1004 2659 partes
1023 2589 1152 2636 versus
1169 2564 1218 2654 B,
1238 2580 1416 2661 motuque
1435 2566 1471 2639 in
1490 2569 1619 2663 spatiis

163 2682 286 2756 liberis
312 2709 461 2779 semper
485 2680 688 2755 accelerato
714 2680 823 2753 abeat
850 2680 886 2751 in
909 2679 1100 2753 infinitum.
1156 2679 1269 2773 Quod
1288 2698 1346 2774 est
1363 2683 1563 2757 absurdum
1583 2687 1619 2760 81

163 2798 236 2897 legi
267 2801 396 2897 primae
427 2800 658 2874 contrarium.
716 2797 816 2869 Nam
843 2822 909 2892 per
934 2794 1055 2894 legem
1087 2797 1244 2893 primam
1274 2799 1426 2874 debebit
1456 2819 1620 2898 systema

163 2943 401 3013 perseverare
437 2920 472 2991 in
495 2933 606 2991 'statu
645 2940 713 2987 suo
731 2913 734 2919 ’
752 2914 965 3010 quiescendi
1003 2913 1063 2987 vel
1103 2915 1277 2988 movendi
1315 2916 1546 2992 uniformiter
1582 2922 1619 2994 in

163 3035 351 3120 directum,
391 3035 621 3131 proindeque
659 3056 813 3126 corpora
851 3029 1042 3126 aequaliter
1079 3031 1265 3128 urgebunt
1301 3032 1541 3123 obstaculum,
1584 3037 1620 3110 dr

163 3153 297 3226 ideirco
323 3150 515 3248 aequaliter
540 3151 732 3224 trahentur
757 3148 793 3219 in
821 3148 990 3219 invicem.
1047 3146 1208 3219 Tentavi
1235 3147 1305 3220 hoc
1332 3149 1368 3220 in
1391 3152 1620 3248 magnete&

162 3269 267 3343 ferro.
323 3270 364 3343 Si
383 3269 462 3341 haec
482 3269 517 3341 in
536 3266 694 3341 vasculis
712 3265 868 3362 propriis
887 3289 969 3337 sese
987 3265 1285 3362 contingentibus
1299 3269 1461 3340 seorsim
1488 3271 1618 3365 posita,

163 3388 199 3459 in
230 3412 327 3483 aqua
361 3400 558 3482 stagnante
586 3385 696 3482 juxta
730 3383 893 3469 fluitent;
930 3396 1100 3454 neutrum
1135 3380 1317 3476 propellet
1351 3382 1516 3472 alterum,
1552 3389 1619 3461 sed

163 3502 374 3599 aequalitate
402 3502 630 3575 attractionis
660 3501 833 3595 utrinque
863 3498 1098 3570 sustinebunt
1127 3516 1281 3573 conatus
1312 3501 1349 3572 in
1385 3528 1426 3575 se
1460 3521 1618 3590 mutuos

162 3646 205 3694 ac
222 3619 374 3694 tandem
393 3619 429 3690 in
448 3615 653 3714 aequilibrio
672 3617 870 3692 constituta
889 3616 1087 3711 quiescent.

228 3738 292 3812 Sic
318 3739 429 3810 etiam
447 3738 611 3835 gravitas
630 3737 724 3810 inter
750 3754 884 3810 terram
912 3734 1053 3831 &ejus
1080 3749 1204 3830 partes
1231 3749 1360 3810 mutua
1385 3753 1451 3810 est.
1507 3738 1617 3813 Sece-

161 3873 221 3929 tur
246 3872 343 3930 terra
368 3857 410 3927 F
413 3856 442 3927 l
464 3854 575 3950 plano
601 3855 734 3951 quovis
759 3854 800 3925 E
813 3853 848 3925 G
879 3852 915 3924 in
945 3866 1068 3945 partes

162 3974 255 4046 duas
289 3975 417 4047 EGF
446 3973 482 4045 81
516 3974 557 4045 E
569 3973 644 4045 Gl
652 4003 663 4045 .·
699 3970 735 4043 81
769 3967 927 4065 aequalia
961 3985 1068 4042 erunt
1189 3982 1210 4025 Ε

163 4091 291 4164 harum
313 4091 478 4187 pondera
496 4090 532 4161 in
547 4115 588 4162 se
602 4105 739 4161 mutuo.
796 4088 897 4160 Nam
911 4087 941 4159 si
956 4084 1067 4182 plano

162 4207 234 4282 alio
247 4210 341 4282 HK
350 4208 450 4305 quod
465 4207 575 4303 priori
589 4208 630 4279 E
632 4207 667 4279 G
681 4202 895 4302 parallelum
910 4204 965 4289 sit,
982 4229 1066 4298 pars

163 4328 280 4424 major
295 4327 336 4398 E
338 4327 403 4399 Gl
416 4342 562 4399 secetur
579 4324 614 4396 in
634 4341 757 4420 partes
775 4323 868 4395 duas
886 4323 927 4394 E
933 4322 1071 4394 GKH
1097 4365 1120 4411 r

163 4443 199 4515 81
228 4444 326 4516 HK
326 4444 359 4528 l,
387 4467 543 4538 quarum
570 4442 668 4514 HK
668 4442 697 4513 l
718 4438 871 4536 aequalis
898 4439 946 4510 sit
972 4437 1066 4532 parti

163 4559 262 4655 prius
280 4559 451 4632 abscissa:
469 4559 551 4630 EF
549 4558 607 4631 G:
629 4556 865 4629 manifestum
883 4569 941 4626 est
966 4553 1066 4648 quod

163 4702 248 4772 pars
278 4677 399 4750 media
429 4677 470 4748 E
481 4675 629 4748 GKH
654 4673 819 4769 pondere
850 4669 999 4767 proprio
1031 4669 1066 4740 in

164 4810 329 4869 neutram
357 4794 516 4890 partium
543 4810 790 4866 extremarum
810 4788 1065 4885 propendebit‚
1185 4832 1186 4835 =
