4088 5768
852 514 994 575 tratre
1013 514 1198 575 PRIMUS.
1687 536 1756 604 149

296 707 346 781 ad
367 708 454 798 CO,
477 707 555 781 CO
572 709 621 781 ad
642 708 723 782 CR
741 708 942 782 &divisim
960 709 1001 781 A
1018 711 1052 784 0
1069 709 1117 782 ad
1138 710 1216 783 ΟΡ
1234 706 1541 805 proportionales)
1563 723 1604 781 ut
1625 709 1700 785 CA
1713 727 1744 790 ÷

298 823 378 897 CO
394 824 442 897 ad
463 825 558 912 CA,
578 823 647 911 vel,
666 827 697 898 si
716 826 900 898 bisecetur
915 826 954 898 B
974 825 1012 897 V
1033 825 1069 898 in
1087 826 1135 911 E,
1154 840 1195 898 ut
1215 850 1233 897 2
1257 827 1292 898 C
1300 827 1342 897 E
1360 826 1408 899 ad
1429 826 1518 901 CB.
1593 826 1753 901 Proinde

299 946 382 1039 (per
411 941 520 1016 corol.
554 967 567 1015 1
607 968 710 1039 prop.
742 941 849 1040 xiix)
879 941 1073 1040 longitudo
1100 942 1215 1038 partis
1246 957 1355 1015 rectae
1387 940 1437 1015 fili
1464 943 1503 1015 Ρ
1519 943 1557 1014 T
1584 959 1755 1039 aequatur

295 1083 444 1154 semper
468 1057 643 1154 cycloidis
669 1059 769 1132 arcui
794 1061 832 1132 Ρ
844 1059 883 1144 S,
903 1058 939 1132 &
966 1057 1067 1131 filum
1094 1075 1213 1133 totum
1239 1060 1280 1132 A
1294 1061 1332 1131 P
1351 1061 1389 1132 T
1411 1074 1580 1156 aequatur
1605 1084 1753 1156 semper

292 1174 469 1272 cycloidis
496 1178 596 1250 arcui
626 1177 781 1250 dimidio
810 1176 852 1249 A
865 1177 903 1248 Ρ
917 1175 956 1261 S,
988 1176 1059 1249 hoc
1093 1192 1151 1249 est
1180 1175 1262 1273 (per
1295 1174 1404 1250 corol.
1446 1201 1464 1248 2
1501 1202 1605 1272 prop.
1640 1175 1749 1275 xmx)

292 1291 516 1392 longitudini
533 1295 574 1366 A
588 1293 637 1368 R.
685 1294 737 1367 Et
754 1308 951 1389 propterea
968 1292 1129 1365 vicissim
1144 1293 1174 1364 si
1189 1291 1291 1365 filum
1305 1308 1432 1366 manet
1444 1318 1592 1388 semper
1608 1291 1752 1389 aequale

292 1407 516 1508 longitudini
533 1411 618 1482 AR
636 1410 846 1483 movebitur
862 1425 1041 1505 punctum
1065 1410 1104 1482 T
1115 1410 1152 1483 in
1166 1408 1331 1506 cycloide
1344 1411 1433 1484 data
1452 1411 1567 1501 QRS.
1599 1412 1748 1501 ΟΜ).

364 1527 482 1600 Corol.
514 1525 635 1598 Filum
662 1527 703 1599 A
716 1529 756 1600 R
784 1541 952 1622 aequatur
977 1525 1228 1622 semicyeloidi
1253 1528 1294 1600 A
1310 1527 1349 1612 S,
1380 1527 1539 1623 ideoque
1569 1528 1617 1600 ad
1647 1525 1749 1627 globi

292 1644 485 1718 exterioris
509 1644 825 1717 semidiametrum
841 1644 882 1715 A
901 1644 935 1716 C
956 1643 1114 1716 eandem
1141 1643 1253 1717 habet
1279 1644 1458 1718 rationem
1485 1670 1597 1741 quam
1623 1645 1752 1719 similis

293 1760 344 1834 illi
362 1760 592 1858 semicyclois
609 1763 645 1835 S
653 1763 692 1834 R
718 1760 831 1835 habet
848 1761 896 1835 ad
913 1758 1015 1859 globi
1034 1760 1215 1835 interioris
1233 1762 1548 1836 semidiametrum
1569 1765 1655 1839 CO.

457 2020 831 2095 PROPOSITIO
878 2019 950 2094 LI.
1007 2018 1362 2094 THEOREMA
1410 2022 1584 2097 XVIII.

289 2201 342 2273 Si
355 2199 411 2274 vis
426 2202 622 2297 centrr'pda
640 2200 783 2274 tendens
807 2200 968 2297 undique
989 2199 1044 2272 ad
1057 2198 1162 2296 globi
1184 2210 1348 2274 centrum
1375 2203 1407 2276 C
1432 2203 1483 2277 sit
1507 2204 1549 2277 in
1574 2203 1658 2278 lucis
1676 2204 1751 2278 sin·

333 2318 440 2413 gulis
458 2326 501 2389 ut
515 2318 694 2390 distantia
712 2318 781 2390 hri
793 2317 965 2414 cujusque
983 2343 1007 2388 a
1032 2327 1162 2402 centro,
1194 2318 1243 2396 ὢ*
1270 2318 1337 2389 lucc
1362 2320 1438 2391 sola
1465 2320 1654 2416 vinginti
1676 2346 1751 2393 cor-

332 2443 412 2528 pus
431 2434 465 2505 T
488 2434 673 2506 oscilletur
691 2441 712 2525 (
712 2434 813 2508 modo
819 2436 908 2532 jam
932 2435 1125 2530 descripto)
1143 2434 1184 2507 in
1193 2434 1393 2529 perimetro
1416 2438 1579 2532 cycloidis
1597 2437 1633 2531 Q
1649 2438 1723 2512 RS
1741 2466 1749 2512 z

340 2550 418 2622 dico
434 2549 533 2645 quod
544 2551 812 2625 oscillationum
829 2561 1009 2648 utcunque
1021 2551 1259 2648 inaqualium
1275 2554 1432 2647 (equatio
1449 2563 1560 2627 erunt
1575 2564 1746 2651 tempora.

362 2730 464 2804 Nam
508 2732 544 2805 in
579 2731 753 2830 cycloidis
788 2749 1004 2831 tangentem
1054 2733 1092 2804 T
1107 2732 1160 2804 W
1197 2731 1338 2806 infinite
1380 2734 1598 2830 productam
1641 2734 1750 2808 cadat

291 4903 599 5005 perpendiculum
620 4905 707 4979 CX
733 4883 961 5004 &jungatur
990 4906 1024 4979 C
1041 4904 1080 4977 T.
1153 4901 1342 4997 Quoniam
1367 4900 1425 4973 vis
1450 4894 1655 4990 centripeta
1679 4908 1752 4982 qua
