4088 5768
282 477 352 561 296
759 469 825 525 ua
845 469 983 527 Moru
998 468 1176 527 corpore
1184 469 1251 526 uxr

283 665 448 736 infimum
475 665 555 760 ejus
582 676 779 756 punctum;
808 661 844 733 u
870 662 940 734 erit
965 660 1022 732 vis
1049 659 1285 734 acceleratrix
1312 686 1386 755 qua
1420 685 1553 755 corpus
1589 677 1747 758 urgetur

284 781 319 851 in
346 778 428 852 loco
454 778 587 873 quovis
614 779 656 849 O
681 776 740 849 vel
766 778 796 848 d
816 775 876 850 vel
903 777 944 848 E
969 792 1010 850 ut
1035 775 1230 874 longitudo
1256 802 1362 849 arcus
1392 777 1426 849 C
1432 777 1475 849 D.
1498 775 1559 849 vel
1589 778 1626 849 C
1630 778 1662 849 d
1683 776 1745 851 vel

286 897 320 968 C
326 896 373 969 E.
430 895 651 989 Exponatur
676 894 734 965 vis
767 890 826 964 illa
852 918 920 988 per
945 891 1105 965 eundem
1129 918 1275 979 arcum;
1303 892 1339 965 81
1365 918 1449 966 cum
1466 893 1680 966 resistentia
1696 895 1748 967 sit

281 1026 321 1083 ut
352 1026 580 1083 momentum
612 1009 797 1104 temporis
830 1008 989 1105 ideoque
1020 1008 1137 1093 detur,
1166 1024 1375 1104 exponatur
1404 1007 1535 1081 eadem
1573 1034 1644 1104 per
1673 1011 1742 1083 da·

283 1144 360 1200 tam
378 1152 483 1199 arcus
501 1123 675 1221 cycloidis
693 1139 836 1219 partem
859 1124 892 1197 C
901 1126 944 1210 0,
970 1124 1006 1196 81
1032 1140 1199 1197 sumatur
1223 1149 1329 1198 arcus
1358 1127 1431 1198 Od
1453 1126 1489 1198 in
1516 1125 1661 1200 ratione
1696 1128 1747 1200 ad

283 1269 407 1316 arcum
431 1244 464 1315 C
470 1244 513 1314 D
530 1268 641 1337 quam
660 1242 773 1314 habet
790 1267 895 1314 arcus
916 1241 999 1313 OB
1021 1241 1069 1312 ad
1096 1266 1221 1314 arcum
1243 1241 1343 1315 CB:
1370 1240 1406 1314 8ι
1423 1242 1481 1314 vis
1507 1267 1582 1336 qua
1608 1268 1747 1339 corpus

255 1367 256 1370 ’
283 1361 320 1432 in
342 1362 372 1433 (ι’
385 1376 538 1457 urgetur
554 1361 590 1431 in
616 1358 740 1431 medio
766 1357 970 1444 resistente,
990 1381 1074 1428 cum
1101 1357 1149 1428 sit
1174 1382 1348 1430 excessus
1374 1358 1432 1430 vis
1461 1359 1496 1431 C
1500 1359 1530 1430 (ι’
1552 1383 1666 1454 supra
1693 1385 1749 1434 re

205 1544 208 1551 .
281 1479 488 1550 sistentiam
520 1476 554 1547 C
563 1477 605 1560 O,
633 1488 840 1569 exponetur
865 1498 933 1567 per
957 1498 1081 1544 arcum
1111 1474 1187 1557 Od,
1213 1474 1372 1570 ideoque
1399 1475 1468 1547 erit
1490 1475 1538 1547 ad
1556 1475 1645 1562 vim,
1671 1502 1749 1572 qua

282 1619 415 1688 corpus
441 1594 484 1664 O
509 1607 661 1688 urgetur
687 1591 723 1662 in
750 1588 874 1661 medio
900 1613 974 1661 non
1002 1589 1196 1662 resistente
1223 1589 1259 1660 in
1286 1587 1367 1663 loco
1393 1591 1444 1675 D,
1471 1606 1513 1664 ut
1537 1616 1646 1664 arcus
1676 1594 1752 1666 Od

283 1711 331 1781 ad
357 1733 483 1781 arcum
513 1708 547 1780 C
553 1708 619 1792 D,·
645 1706 681 1778 u
708 1720 903 1801 propterea
929 1705 1041 1777 etiam
1069 1706 1105 1778 in
1131 1704 1213 1779 loco
1237 1707 1277 1776 B
1302 1720 1344 1777 ut
1368 1731 1474 1778 arcus
1503 1707 1586 1778 OB
1611 1706 1662 1779 ad
1690 1733 1748 1780 ar·

283 1851 367 1898 cum
399 1826 485 1897 CB.
542 1821 702 1895 Proinde
732 1823 762 1894 si
792 1847 946 1916 corpora
974 1821 1058 1908 duO,
1090 1823 1141 1908 D,
1167 1822 1198 1894 d
1218 1836 1353 1895 exeant
1378 1820 1427 1894 de
1452 1821 1534 1895 loco
1558 1823 1608 1906 B,
1629 1822 1666 1895 81
1689 1823 1749 1896 his

284 1942 423 2013 viribus
450 1955 674 2037 urgeantur:
702 1965 785 2012 cum
812 1939 909 2010 vires
936 1940 1005 2011 sub
1032 1938 1136 2012 initio
1161 1939 1235 2010 sint
1260 1953 1301 2010 ut
1335 1963 1441 2011 arcus
1471 1939 1550 2012 CB
1576 1939 1615 2012 81
1652 1941 1747 2027 OB,

284 2072 392 2130 erunt
409 2053 625 2128 velocitates
651 2056 781 2150 primae
808 2055 844 2128 81
870 2081 976 2128 arcus
1003 2056 1123 2151 primo
1148 2055 1322 2150 descripti
1357 2054 1394 2126 in
1425 2055 1558 2129 eadem
1589 2056 1745 2131 ratione

284 2174 406 2246 Sunto
433 2197 538 2245 arcus
567 2170 615 2243 illi
642 2172 734 2243 BD
760 2171 795 2243 u
821 2172 902 2257 Bd,
923 2171 959 2244 dc
985 2198 1091 2245 arcus
1118 2170 1247 2267 reliqui
1278 2172 1370 2260 CO,
1393 2172 1597 2245 Oderunt
1624 2173 1663 2245 in
1689 2199 1749 2248 ea·

284 2290 370 2361 dem
389 2288 539 2360 ratione.
609 2286 768 2360 Proinde
786 2287 883 2359 vires
903 2287 991 2383 ipsis
1013 2288 1047 2360 C
1053 2289 1103 2373 D,
1126 2289 1198 2360 Od
1219 2285 1513 2383 proportionales
1540 2290 1748 2363 manebunt

283 3789 319 3860 in
347 3788 478 3861 eadem
510 3791 652 3862 ratione
679 3816 722 3862 ac
752 3792 821 3863 sub
853 3793 965 3878 initio,
999 3793 1034 3866 u
1062 3811 1258 3890 propterea
1284 3824 1438 3895 corpora
1464 3823 1627 3904 pergent
1644 3830 1742 3881 arcus

285 3906 320 3976 in
353 3905 484 3978 eadem
517 3908 658 3980 ratione
688 3907 796 3980 simul
828 3909 1046 3985 describere.
1116 3914 1236 4011 Igitur
1264 3915 1363 3988 vires
1394 3917 1432 3990 81
1461 3919 1742 3996 velocitates&

284 4045 389 4092 arcus
417 4019 546 4117 reliqui
578 4023 611 4095 C
619 4024 669 4108 D,
700 4025 774 4096 Od
795 4050 943 4120 semper
960 4044 1068 4102 erunt
1085 4045 1126 4103 ut
1143 4056 1249 4103 arcus
1268 4031 1334 4105 toti
1356 4033 1446 4121 CB,
1467 4037 1504 4109 O
1515 4039 1565 4123 B,
1587 4038 1623 4112 &
1640 4061 1741 4134 prop

284 4153 386 4210 terea
416 4163 522 4211 arcus
550 4137 598 4210 illi
627 4138 756 4235 reliqui
783 4141 891 4214 simul
924 4144 1187 4219 describentur.
1243 4147 1371 4240 Quare
1397 4175 1555 4247 corpora
1589 4154 1666 4226 duo
1692 4151 1739 4237 l),

283 4253 312 4323 d
337 4251 445 4325 simul
477 4256 695 4349 pervenient
726 4256 773 4328 ad
804 4256 885 4331 loca
913 4260 948 4332 C
971 4261 1007 4333 &
1035 4263 1078 4347 O,
1097 4262 1252 4336 alterum
1279 4266 1432 4361 quidem
1459 4268 1497 4341 in
1522 4271 1736 4345 medionon

285 4370 479 4443 resistente
505 4372 553 4443 ad
581 4369 702 4444 locum
733 4371 772 4457 C,
801 4373 837 4445 u
864 4372 1019 4447 alterum
1048 4377 1083 4450 in
1111 4379 1235 4453 medio
1262 4382 1458 4457 resistente
1484 4387 1533 4459 ad
1561 4386 1682 4461 locum
1699 4383 1735 4457 0.

284 4486 379 4557 Cum
416 4502 539 4559 autem
576 4486 792 4561 velocitates
829 4490 864 4560 in
899 4491 934 4563 C
958 4491 994 4563 &
1022 4493 1056 4564 O
1081 4494 1155 4567 sint
1181 4512 1223 4567 ut
1247 4522 1354 4570 arcus
1384 4501 1418 4573 C
1424 4500 1472 4586 B,
1504 4503 1613 4591 OB,·
1636 4512 1733 4576 erunt

283 4623 398 4683 arcuS,
435 4626 528 4695 quos
559 4628 712 4698 corpora
743 4602 894 4677 ulterius
925 4608 1117 4702 pergendo
1148 4610 1255 4683 simul
1287 4613 1510 4702 describunt,
1543 4618 1582 4690 in
1614 4616 1732 4690 eadem

284 4714 434 4787 ratione.
506 4719 627 4793 Sunto
657 4719 707 4792 illi
741 4722 775 4794 C
784 4722 825 4793 E
850 4722 886 4794 8ι
915 4723 983 4796 Oe.
1053 4725 1121 4798 Vis
1148 4753 1221 4823 qua
1247 4752 1382 4824 corpus
1407 4730 1496 4804 din
1523 4732 1728 4805 medionon

284 4828 477 4904 resistente
505 4835 711 4908 retardatur
736 4838 772 4908 in
799 4838 840 4908 E
865 4853 922 4910 est
947 4854 988 4911 ut
1018 4840 1052 4912 C
1058 4842 1106 4928 E,
1135 4842 1171 4915 &
1189 4844 1246 4916 vis
1273 4869 1347 4940 qua
1371 4848 1553 4942 corpusd
1566 4848 1600 4921 in
1619 4841 1726 4919 medio
