4088 5768
751 373 892 432 LIBER
916 373 1116 432 TERTIUS.
1585 373 1658 461 467

201 568 365 643 vendum
380 569 596 643 diminuitur
607 570 643 641 in
657 567 844 664 duplicata
858 569 1000 642 ratione
1014 569 1116 640 sinus
1131 565 1391 662 complementi
1403 563 1659 639 declinationis

201 688 492 783 quamproxime.
567 688 620 760 Et
649 701 846 782 propterea
873 686 931 758 vis
957 684 1056 757 lunae
1086 685 1122 757 in
1144 684 1201 757 his
1230 683 1464 780 quadraturis
1494 699 1551 757 est
1579 702 1657 757 tan-

202 820 281 877 tum
311 805 585 898 o,8570327L.
660 804 732 877 Est
766 804 878 902 igitur
915 803 1238 897 L÷0‚7986355S
1276 803 1323 875 ad
1359 803 1653 896 0,857o327L-

201 923 444 1015 0‚7986355S
464 939 505 994 ut
524 948 546 1014 9
565 923 613 994 ad
635 944 665 1015 5.

271 1039 455 1112 Praeterea
486 1041 654 1113 diametri
684 1023 792 1126 orbis,
823 1040 860 1112 in
892 1066 967 1136 quo
1000 1036 1087 1112 luna
1116 1039 1197 1111 sine
1223 1038 1492 1111 eccentricitate
1519 1039 1660 1111 moveri

200 1155 363 1242 deberet,
391 1173 478 1229 sunt
512 1158 560 1230 ad
596 1158 754 1230 invicem
791 1173 832 1230 ut
859 1164 906 1249 69
933 1158 981 1230 ad
1017 1179 1081 1251 70;
1115 1157 1274 1252 ideoque
1305 1155 1480 1228 distantia
1510 1155 1607 1229 lunae
1639 1183 1660 1229 a

201 1289 298 1346 terra
317 1274 352 1345 in
371 1275 532 1372 syzygiis
558 1290 616 1348 est
642 1276 690 1347 ad
717 1275 930 1348 distantiam
957 1276 1037 1371 ejus
1064 1275 1100 1346 in
1128 1273 1363 1369 quadraturis
1390 1288 1430 1344 ut
1458 1279 1505 1363 69
1532 1272 1580 1344 ad
1603 1294 1659 1366 70,

201 1390 343 1462 caeteris
362 1391 520 1485 paribus.
593 1392 646 1463 Et
671 1391 857 1464 distantiae
876 1393 955 1489 ejus
974 1392 1010 1463 in
1029 1391 1146 1489 gradu
1168 1390 1228 1467 181}
1245 1416 1268 1462 a
1281 1390 1450 1486 syzygiis,
1467 1390 1528 1461 ubi
1548 1407 1660 1462 aestus

201 1508 384 1580 maximus
401 1523 608 1606 generatur,
629 1509 665 1582 dr
684 1511 720 1580 in
737 1509 857 1606 gradu
882 1508 946 1586 18-t-
964 1535 986 1580 a
1004 1508 1247 1604 quadraturis
1267 1509 1329 1580 ubi
1356 1524 1469 1579 aestus
1488 1507 1660 1579 minimus

199 1639 408 1722 generatur,
444 1641 531 1696 sunt
565 1625 612 1697 ad
649 1625 872 1698 mediocrem
916 1626 995 1722 ejus
1038 1624 1251 1697 distantiam
1296 1640 1337 1697 ut
1373 1629 1582 1717 69,098747
1625 1624 1661 1697 ἃ

203 1747 410 1835 69‚897345
431 1743 479 1815 ad
499 1743 577 1835 ool.
650 1744 760 1817 Vires
787 1762 911 1817 autem
939 1744 1036 1817 lunae
1062 1744 1109 1816 ad
1138 1769 1238 1816 mare
1266 1746 1494 1817 movendum
1518 1763 1605 1818 sunt
1624 1746 1660 1817 in

202 1858 384 1954 triplicata
410 1861 551 1933 ratione
582 1862 839 1935 distantiarum
867 1862 1023 1946 inverse,
1052 1861 1210 1956 ideoque
1242 1864 1340 1935 vires
1368 1863 1403 1934 in
1432 1864 1594 1935 maxima
1625 1862 1661 1935 ἃ

202 1976 355 2049 minima
385 1977 515 2048 harum
547 1978 804 2053 distantiarum
836 1996 923 2051 sunt
953 1979 1000 2050 ad
1032 1979 1108 2050 vim
1141 1980 1176 2051 in
1210 1980 1385 2054 mediocri
1417 1981 1593 2052 distantia
1620 1997 1661 2052 ut

201 2097 413 2187 0,9830427
443 2094 479 2167 ἃ
513 2117 690 2189 1,017522
721 2097 769 2169 ad
804 2121 831 2171 1.
891 2097 1004 2170 Unde
1029 2095 1070 2168 fit
1105 2098 1321 2190 1,017522L
1352 2101 1602 2190 ÷0‚7986355
1632 2097 1658 2170 S

203 2211 250 2283 ad
268 2214 743 2307 0,983o427><0,8570327
765 2214 1058 2306 L-0‚7986355
1080 2213 1106 2285 S
1127 2228 1167 2285 ut
1186 2239 1208 2305 9
1227 2215 1274 2287 ad
1296 2237 1326 2308 5.
1383 2215 1436 2287 Et
1454 2215 1480 2287 S
1501 2215 1548 2286 ad
1570 2213 1601 2285 L
1621 2230 1662 2286 ut

209 2353 221 2399 1
253 2329 301 2401 ad
328 2333 474 2423 4,4815.
549 2331 681 2427 ltaque
708 2358 791 2404 cum
819 2333 875 2404 vis
902 2331 989 2404 solis
1016 2332 1063 2403 sit
1098 2332 1145 2402 ad
1173 2332 1249 2402 vim
1275 2331 1469 2427 gravitatis
1496 2347 1537 2402 ut
1568 2355 1580 2402 1
1613 2330 1660 2402 ad

209 2450 413 2533 12868200,
433 2448 490 2520 vis
508 2446 605 2521 lunae
624 2450 693 2522 erit
710 2450 757 2522 ad
776 2450 853 2522 vim
871 2449 1063 2547 gravitatis
1083 2464 1122 2521 ut
1146 2472 1158 2519 1
1182 2447 1229 2519 ad
1251 2452 1432 2540 2871400.
1601 2523 1607 2533 ,

274 2565 391 2638 Corol.
427 2589 454 2638 1.
486 2566 581 2638 Cum
600 2593 698 2662 aqua
715 2568 752 2639 vi
771 2567 860 2642 solis
878 2568 1017 2665 agitata
1044 2567 1220 2639 ascendat
1238 2566 1284 2638 ad
1303 2565 1535 2639 altitudinem
1555 2566 1661 2661 pedis

204 2681 312 2753 unius
344 2681 380 2754 dr
411 2682 583 2755 undecim
613 2685 814 2782 digitorum
845 2711 929 2757 cum
961 2685 1144 2756 tricesima
1175 2701 1280 2780 parte
1311 2684 1427 2782 digiti,
1457 2685 1589 2757 eadem
1624 2684 1661 2756 vi

203 2796 301 2870 lunae
327 2799 504 2872 ascendet
529 2800 577 2871 ad
604 2799 836 2874 altitudinem
864 2817 947 2875 octo
983 2801 1120 2896 pedum
1153 2800 1189 2874 81
1219 2802 1419 2899 digitorum
1454 2800 1525 2895 7225
1558 2801 1594 2874 dt
1624 2801 1661 2873 vi

204 2929 361 3011 utraque
387 2915 434 2987 ad
461 2915 693 2990 altitudinem
720 2919 859 3014 pedum
885 2919 1015 2991 decem
1042 2943 1126 2990 cum
1153 2919 1316 3005 semisse,
1342 2918 1378 2991 8z
1404 2918 1466 2991 ubi
1493 2917 1580 2990 luna
1607 2934 1664 2991 est

205 3033 241 3105 in
275 3033 439 3131 perigaeo
469 3034 517 3107 ad
548 3033 779 3108 altitudinem
812 3037 949 3132 pedum
977 3036 1173 3110 duodecim
1200 3063 1283 3109 cum
1315 3036 1532 3110 semisse&
1558 3035 1662 3119 ultra,

205 3151 410 3248 praesertim
429 3151 490 3223 ubi
510 3168 623 3226 aestus
641 3154 764 3227 ventis
782 3155 1007 3250 spirantibus
1025 3155 1230 3252 adjuvatur.
1305 3155 1431 3228 Tanta
1456 3171 1579 3228 autem
1606 3154 1664 3226 vis

205 3269 253 3345 ad
289 3295 419 3343 omnes
455 3271 566 3344 maris
610 3288 734 3347 motus
770 3275 987 3348 excitandos
1030 3274 1179 3347 abunde
1216 3273 1360 3359 sufficit,
1398 3273 1433 3346 ἃ
1468 3273 1663 3368 quantitati

205 3407 372 3464 motuum
408 3392 525 3487 probe
559 3395 768 3489 respondet
842 3395 943 3468 Nam
979 3395 1015 3467 in
1052 3394 1213 3465 maribus
1249 3417 1333 3488 quae
1368 3391 1416 3462 ab
1450 3392 1592 3463 oriente
1627 3391 1663 3461 in

204 3509 435 3582 occidentem
464 3507 537 3582 late
565 3525 703 3604 patent,
731 3512 784 3584 uti
816 3513 852 3585 in
892 3511 984 3586 mari
1010 3510 1169 3606 Pacifico
1196 3511 1232 3581 u
1260 3509 1371 3581 maris
1405 3507 1600 3580 Atlantici
1628 3506 1665 3578 &

204 3625 417 3720 AElln‘opicz'
431 3626 597 3720 partibus
615 3644 720 3699 extra
738 3629 908 3723 tropicos
923 3651 1021 3721 aqua
1038 3623 1153 3698 attolli
1172 3623 1267 3697 solet
1284 3623 1331 3695 ad
1350 3622 1583 3695 altitudinem
1601 3648 1664 3717 pe-

205 3743 295 3815 dum
314 3768 390 3828 serr,
411 3768 556 3828 novem,
576 3743 773 3817 duodecim
791 3743 851 3817 vel
870 3743 1091 3839 quindecim.
1167 3743 1210 3814 ln
1238 3742 1328 3814 mari
1353 3756 1476 3814 autem
1494 3741 1663 3838 Pacifiw,

206 3859 307 3956 quod
326 3859 543 3955 profundius
562 3876 619 3933 est
637 3861 673 3933 81
691 3859 799 3933 latius
818 3877 930 3957 patet,
948 3877 1060 3933 aestus
1080 3860 1251 3932 dicuntur
1268 3886 1350 3933 esse
1369 3861 1526 3957 majores
1553 3885 1664 3955 quam

207 3982 244 4054 in
262 3981 458 4054 Atlantico
476 3980 512 4054 81
529 3981 751 4077 AEllubpz'cu
809 3983 960 4056 Etenim
979 3998 1019 4055 ut
1038 3981 1168 4078 plenus
1186 3984 1234 4055 sit
1252 4000 1365 4056 aestus
1384 3981 1539 4055 latitudo
1554 3983 1665 4053 maris

207 4098 255 4171 ab
289 4099 431 4172 oriente
466 4099 502 4171 in
538 4099 768 4173 occidentem
804 4124 878 4173 non
914 4100 1034 4173 minor
1067 4125 1151 4172 esse
1185 4100 1297 4174 debet
1336 4125 1447 4195 quam
1482 4099 1665 4196 graduum

208 4217 420 4314 nonaginta.
478 4217 521 4289 In
541 4217 631 4290 mari
649 4217 863 4313 AEllziupico
880 4242 1054 4290 ascensus
1069 4242 1176 4311 aquae
1194 4217 1287 4289 intra
1301 4217 1461 4312 tropicos
1476 4199 1595 4288 minor
1608 4232 1666 4288 est

209 4358 320 4429 quam
340 4334 376 4405 in
396 4334 498 4407 zonis
518 4336 733 4430 temperatis
760 4351 911 4432 propter
936 4335 1146 4434 angustiam
1173 4336 1283 4408 maris
1311 4336 1405 4407 inter
1421 4334 1602 4430 Africum
1629 4335 1665 4408 dt

208 4449 413 4524 australem'
426 4468 569 4547 partem
588 4451 779 4526 Americae.
855 4453 897 4524 ln
926 4453 1050 4526 medio
1076 4452 1167 4524 mari
1193 4478 1291 4547 aqua
1308 4453 1437 4547 nequit
1454 4453 1663 4540 ascendere,

210 4569 278 4642 nisi
297 4569 344 4641 ad
369 4568 472 4643 littus
499 4586 697 4666 utrumque
723 4570 759 4643 8z
785 4569 963 4645 orientale
990 4570 1026 4644 82
1052 4568 1279 4644 occidentale
1305 4569 1412 4643 simul
1439 4571 1665 4646 descendat:
