4110 5782
697 419 839 477 LIBER
863 420 1062 480 TERTIUS.
1209 440 1215 449 ·
1533 451 1606 522 427

149 599 212 672 Sic
230 596 457 692 experientia
483 612 712 692 compertum
731 612 796 681 est,
816 597 916 692 quod
943 613 1056 672 aestus
1083 601 1252 675 matutini
1280 619 1447 700 tempore
1474 607 1606 703 hyber-

149 741 198 789 no
232 731 408 810 superent
442 715 674 809 vespertinos
714 713 750 786 8t
780 715 998 810 verspertini
1034 732 1201 811 tempore
1228 719 1360 794 aestivo
1395 725 1605 809 matutinos,

148 833 196 904 ad
225 832 470 928 Plymullmm
497 833 649 927 quidem
679 830 873 904 altitudine
901 833 1007 927 quasi
1035 834 1142 929 pedis
1170 836 1288 921 unius,
1307 837 1356 909 ad
1383 839 1607 914 Braitolzizm

148 976 239 1023 vero
273 948 467 1022 altitudine
501 948 713 1044 quindecim
744 948 969 1045 digitorum:
1006 948 1290 1025 observantibus
1325 955 1540 1050 Colepressio
1570 955 1607 1029 81

149 1067 328 1137 Slurnrr'o.

218 1184 346 1257 Motus
369 1199 493 1256 autem
521 1183 699 1255 hactenus
725 1182 899 1278 descripti
928 1199 1117 1258 mutantur
1141 1183 1409 1281 aliquantulum
1436 1213 1504 1283 per
1528 1189 1605 1262 vim

147 1300 244 1372 illam
282 1301 579 1395 reciprocationis
613 1325 802 1395 aquarum,
834 1325 908 1394 qua
936 1301 1047 1373 maris
1078 1319 1200 1383 aestus,
1233 1303 1344 1376 etiam
1376 1306 1605 1380 cessantibus

146 1415 378 1488 luminarium
406 1417 621 1501 actionibus
651 1434 778 1512 posset
803 1416 1029 1512 aliquamdiu
1057 1445 1305 1514 perseverare.
1359 1421 1605 1498 Conservatio

147 1533 269 1605 haecce
313 1550 435 1605 motus
471 1534 639 1627 impressi
676 1535 807 1606 minuit
841 1534 1086 1607 differentiam
1121 1554 1254 1610 aestum
1284 1535 1530 1628 alternorum;
1568 1541 1605 1615 81

146 1667 258 1724 aestus
291 1652 457 1746 proxime
486 1664 571 1744 post
596 1651 766 1747 syzygias
797 1653 955 1748 majores
986 1653 1116 1739 reddit,
1148 1681 1288 1751 eosque
1318 1656 1488 1751 proxime
1518 1678 1605 1754 post

147 1768 391 1864 quadraturas
422 1768 563 1839 minuit.
626 1767 740 1841 Unde
770 1768 812 1840 fit
842 1784 883 1841 ut
912 1784 1025 1841 aestus
1056 1768 1186 1842 alterni
1215 1771 1262 1842 ad
1291 1771 1537 1867 Plymutlmm
1568 1776 1604 1848 &

145 1886 371 1958 Brz'stolz'um
401 1910 474 1958 non
505 1883 622 1958 multo
653 1885 771 1982 magis
802 1885 975 1958 differant
1001 1886 1050 1958 ab
1079 1886 1237 1959 invicem
1268 1913 1380 1983 quam
1409 1890 1603 1967 altitudine

146 2003 253 2098 pedis
281 2003 388 2074 unius
415 2001 474 2075 vel
501 2002 702 2099 digitorum
729 2003 961 2099 quindecim;
994 2019 1109 2099 utque
1135 2019 1249 2075 aestus
1267 2005 1433 2078 omnium
1452 2010 1602 2081 maximi

147 2121 183 2191 in
202 2119 333 2192 iisdem
352 2120 541 2215 portubus,
561 2144 635 2190 non
653 2119 727 2192 sint
751 2118 857 2214 primi
876 2145 898 2191 a
915 2120 1087 2216 syzygiis
1105 2120 1171 2192 sed
1190 2121 1296 2193 tertii.
1353 2122 1605 2199 Retardantur

146 2235 257 2306 etiam
288 2252 410 2308 motus
445 2260 575 2307 omnes
611 2236 646 2307 in
684 2235 836 2308 transitu
868 2262 936 2332 per
962 2237 1069 2321 vada,
1101 2238 1197 2310 adeo
1228 2252 1268 2309 ut
1296 2255 1409 2313 aestus
1436 2240 1601 2315 omnium

146 2350 298 2421 maximi
326 2350 362 2421 in
381 2349 484 2421 fretis
504 2350 728 2444 quibusdam
756 2352 792 2425 &
819 2352 1016 2426 fluviorum
1043 2353 1147 2426 ostiis
1174 2354 1248 2426 sint
1265 2356 1386 2450 quarti
1404 2355 1463 2430 vel
1490 2359 1602 2433 etiam

146 2467 263 2562 quinti
282 2492 304 2538 a
322 2467 492 2562 syzygiis.

87 2570 92 2579 ⁸
218 2585 332 2657 Porro
351 2583 428 2655 fieri
447 2600 570 2679 potest
587 2599 629 2656 ut
646 2601 758 2657 aestus
777 2602 1005 2682 propagetur
1030 2587 1078 2658 ab
1095 2610 1235 2659 oceano
1262 2612 1328 2681 per
1343 2586 1437 2660 freta
1454 2589 1602 2665 diversa

146 2703 194 2774 ad
213 2703 372 2775 eundem
393 2718 549 2797 portum,
570 2701 605 2773 81
624 2702 730 2773 citius
749 2717 911 2774 transeat
937 2728 1004 2798 per
1028 2701 1152 2799 aliqua
1177 2702 1270 2774 freta
1287 2728 1399 2798 quam
1417 2729 1484 2800 per
1506 2706 1600 2781 alia:

146 2845 221 2914 quo
249 2821 282 2891 in
312 2846 398 2892 casu
425 2837 538 2892 aestus
565 2819 674 2903 idem,
703 2820 738 2893 in
770 2820 864 2891 duos
891 2818 950 2891 vel
977 2818 1100 2914 plures
1126 2819 1334 2892 successive
1359 2820 1601 2898 advenientes

145 2915 297 3021 divisus
322 2962 545 3032 componere
572 2936 689 3032 possit
715 2951 838 3007 motus
866 2960 983 3007 novos
1009 2935 1240 3008 diversorum
1266 2961 1456 3032 generum.
1513 2939 1600 3013 Fin-

145 3079 278 3149 gamus
309 3070 422 3126 aestus
451 3053 545 3127 duos
563 3053 725 3149 aequales
743 3079 766 3125 a
782 3051 939 3125 diversis
957 3049 1045 3125 locis
1064 3053 1099 3124 in
1118 3053 1278 3126 eundem
1296 3070 1443 3149 portum
1462 3057 1599 3146 venire,

146 3195 303 3264 quorum
335 3171 435 3264 prior
464 3171 651 3263 praecedat
681 3169 836 3243 alterum
867 3170 989 3264 spatio
1019 3168 1189 3241 horarum
1217 3194 1294 3257 sex,
1327 3170 1537 3267 incidatque
1563 3173 1599 3245 in

145 3285 274 3359 horam
294 3287 438 3358 tertiam
465 3286 513 3359 ab
539 3285 694 3382 appulsu
722 3285 819 3357 lunae
845 3287 892 3359 ad
920 3285 1162 3358 meridianum
1189 3301 1327 3380 portus,
1381 3286 1422 3358 Si
1451 3285 1537 3359 luna
1564 3290 1600 3360 in

147 3403 260 3477 hocce
286 3431 354 3478 suo
380 3406 429 3477 ad
455 3405 699 3478 meridianum
727 3404 884 3499 appulsu
912 3403 1129 3475 versabatur
1157 3403 1193 3474 in
1224 3416 1421 3497 aequatore‚
1449 3404 1601 3476 venient

147 3518 301 3617 singulis
328 3521 428 3593 horis
448 3521 547 3593 senis
565 3520 728 3616 aequales
746 3520 913 3603 affluxus,
934 3519 1047 3612 quiin
1063 3534 1210 3589 mutuos
1228 3517 1389 3589 refluxus
1404 3517 1600 3592 incidendo

146 3638 298 3708 eosdem
326 3638 522 3709 affluxibus
549 3636 816 3732 aequabunt&
842 3635 894 3706 sic
920 3634 1040 3727 spatio
1062 3632 1136 3703 diei
1155 3630 1249 3703 illius
1267 3632 1427 3704 efficient
1445 3648 1485 3705 ut
1502 3661 1599 3730 aqua

147 3751 342 3847 tranquille
368 3769 526 3850 stagnet.
581 3754 622 3825 Si
641 3752 727 3824 luna
745 3767 832 3823 tunc
850 3747 1059 3822 declinabat
1084 3747 1132 3819 ab
1157 3763 1355 3843 aequatore‚
1375 3747 1464 3821 fient
1485 3767 1598 3823 aestus

147 3871 183 3941 in
218 3895 358 3942 oceano
393 3871 534 3942 vicibus
569 3867 717 3940 alternis
752 3868 909 3962 majores
939 3865 975 3937 81
1003 3864 1173 3949 minores
1205 3866 1257 3938 uti
1288 3865 1427 3938 dictum
1458 3882 1534 3957 est;
1563 3868 1599 3941 8t

147 3988 233 4061 inde
268 3972 571 4084 propagabuntur
606 3984 640 4055 in
678 3983 774 4055 hunc
802 3998 949 4078 portum
976 3981 1134 4053 affluxus
1161 3982 1236 4052 bini
1267 3983 1424 4078 majores
1455 3983 1491 4056 81
1521 3986 1597 4058 bini

146 4107 316 4189 minores
352 4105 493 4177 vicibus
524 4099 682 4174 alternis.
738 4099 912 4171 Affluxus
938 4113 1061 4170 autem
1088 4098 1164 4171 bini
1191 4100 1349 4196 majores
1374 4118 1599 4196 component

145 4249 279 4319 aquam
306 4221 522 4295 altissimam
550 4221 585 4291 in
613 4219 737 4291 medio
764 4218 858 4288 inter
883 4230 1088 4310 utrumque,
1108 4215 1265 4288 affluxus
1292 4217 1462 4312 major&
1480 4217 1600 4290 minor

144 4339 254 4412 faciet
271 4355 312 4411 ut
329 4364 426 4434 aqua
444 4334 620 4409 ascendat
637 4336 684 4408 ad
712 4334 934 4407 mediocrem
960 4329 1191 4405 altitudinem
1218 4333 1255 4405 in
1282 4333 1405 4406 medio
1423 4333 1595 4428 ipsorum,

147 4458 182 4530 81
201 4458 296 4530 inter
313 4457 469 4528 affluxus
484 4455 590 4527 binos
610 4452 769 4526 minores
783 4475 880 4545 aqua
897 4448 1073 4521 ascendet
1085 4448 1132 4521 ad
1150 4447 1382 4521 altitudinem
1397 4448 1595 4522 minimam.

146 4574 209 4646 Sic
237 4574 357 4668 spatio
375 4573 506 4670 viginti
535 4586 693 4666 quatuor
720 4568 892 4640 horarum
918 4590 1016 4661 aqua
1044 4590 1117 4637 non
1146 4565 1202 4637 bis
1231 4578 1272 4635 ut
1299 4563 1376 4636 fieri
1404 4563 1499 4637 solet
1528 4566 1595 4638 sed

145 4691 259 4764 semel
279 4707 422 4763 tantum
445 4690 637 4784 perveniet
662 4686 710 4759 ad
738 4684 937 4757 maximam
964 4680 1195 4755 altitudinem
1222 4677 1389 4752 &semel
1416 4680 1464 4752 ad
1491 4681 1594 4753 mini-

146 4834 265 4893 mam;
294 4809 329 4881 u
347 4806 503 4880 altitudo
521 4806 690 4890 maxima,
710 4804 740 4877 si
759 4802 845 4876 luna
863 4798 1022 4873 declinat
1040 4799 1075 4871 in
1094 4796 1221 4893 polum
1239 4821 1351 4893 supra
1368 4796 1594 4870 horizontem
