4110 5782
744 427 884 484 ΗΒΕΑ
904 426 1155 486 sscutvuus
1609 458 1681 528 329

223 625 478 723 generandum
514 625 565 697 uti
601 624 711 720 prius,
745 624 780 696 81
815 623 970 696 sundum
1006 623 1105 695 vasis
1139 625 1335 700 sustinebit
1370 631 1515 725 pondus
1550 631 1681 730 glaciei

223 741 432 815 columnam
451 742 656 814 ambientis.

294 861 493 956 Liquescat
505 861 584 956 jam
597 857 734 956 glacies
747 859 782 931 in
795 884 904 945 vase;
933 858 969 931 8c
987 858 1144 931 effluxus
1162 883 1279 954 aquae,
1295 862 1418 955 quoad
1433 861 1679 953 velocitatem,

224 976 321 1049 idem
353 977 517 1049 manebit
547 1002 590 1048 ae
618 977 727 1071 prius.
801 976 889 1048 Non
926 976 1045 1048 minor
1072 977 1149 1060 erit,
1182 977 1269 1071 quia
1298 975 1435 1074 glacies
1473 982 1508 1051 in
1545 1007 1680 1078 aquam

223 1091 384 1167 resoluta
418 1094 610 1167 conabitur
640 1093 893 1166 descendere:
935 1119 1007 1166 non
1045 1095 1169 1190 major,
1202 1093 1289 1187 quia
1316 1091 1453 1190 glacies
1480 1096 1516 1169 in
1544 1122 1680 1193 aquam

223 1209 384 1284 resoluta
420 1236 493 1283 non
529 1227 652 1306 potest
686 1209 913 1282 descendere
949 1210 1016 1281 nisi
1046 1210 1284 1305 impediendo
1319 1212 1537 1284 descensum
1572 1240 1680 1311 aquae

222 1325 371 1399 alterius
393 1327 585 1399 descensui
613 1353 681 1400 suo
707 1323 897 1422 aequalem.
955 1325 1101 1398 Eadem
1120 1328 1177 1399 vis
1195 1329 1352 1401 eandem
1371 1354 1478 1425 aquae
1497 1331 1680 1406 effluentis

223 1442 457 1517 velocitatem
475 1470 654 1541 generare
672 1444 793 1517 debet.

290 1560 367 1633 Sed
395 1561 561 1633 foramen
589 1562 624 1633 in
652 1561 767 1633 fundo
794 1562 902 1646 vasis,
921 1576 1073 1656 propter
1090 1560 1261 1657 obliquos
1280 1578 1401 1635 motus
1419 1564 1679 1659 particularum

222 1703 330 1773 aquae
348 1677 540 1763 effluentis,
560 1677 671 1774 paulo
691 1679 808 1775 majus
827 1704 909 1751 esse
935 1679 1048 1752 debet
1074 1706 1186 1775 quam
1205 1678 1314 1774 prius.
1373 1679 1473 1750 Nam
1492 1680 1679 1775 particulae

222 1819 329 1889 aquae
343 1795 421 1890 jam
442 1819 514 1866 non
534 1796 725 1866 transeunt
742 1820 872 1867 omnes
891 1820 958 1889 per
975 1795 1139 1868 soramen
1166 1794 1536 1891 perpendiculariter;
1564 1800 1630 1872 sed
1657 1825 1680 1872 a

223 1909 397 1983 lateribus
432 1912 531 1982 vasis
567 1911 730 2007 undique
766 1911 993 1984 confluentes
1038 1912 1073 1984 dt
1109 1913 1144 1984 in
1188 1914 1354 1986 soramen
1398 1932 1677 2013 convergentes,

222 2025 381 2123 obliquis
413 2043 604 2100 transeunt
635 2028 816 2114 motibus;
857 2028 893 2100 ἃ
920 2054 1066 2100 cursum
1094 2055 1202 2101 suum
1229 2029 1402 2103 deorsum
1424 2031 1614 2105 flectentes
1641 2034 1677 2106 in

222 2170 357 2217 venam
376 2171 483 2240 aquae
502 2143 684 2218 exilientis
703 2144 925 2239 conspirant,
945 2171 1029 2241 quae
1048 2144 1178 2218 exilior
1195 2161 1251 2217 est
1273 2144 1383 2240 paulo
1402 2146 1494 2218 infra
1512 2148 1677 2222 foramen

222 2287 333 2358 quam
354 2263 389 2333 in
410 2262 490 2357 ipso
517 2263 704 2347 soramine,
724 2262 907 2334 existente
933 2263 1013 2359 ejus
1041 2262 1224 2335 diametro
1254 2262 1301 2334 ad
1331 2262 1551 2335 diametrum
1582 2265 1676 2338 fora-

222 2378 331 2450 minis
358 2394 398 2449 ut
427 2400 444 2470 5
473 2379 521 2450 ad
549 2385 581 2464 6,
609 2378 668 2451 vel
699 2399 740 2476 5}
767 2379 814 2450 ad
842 2385 886 2477 δὲ
912 2406 1024 2475 quam
1051 2381 1227 2475 proxime,
1255 2380 1286 2451 si
1327 2379 1438 2452 modo
1477 2381 1678 2454 diametros

222 2511 321 2566 reete
347 2495 536 2567 dimensus
563 2522 655 2568 sum.
714 2496 894 2567 l'arabam
922 2496 1050 2592 utique
1081 2495 1254 2568 laminam
1284 2493 1431 2590 planam
1459 2511 1677 2591 pertenuem

223 2613 258 2684 in
279 2611 401 2684 medio
424 2612 657 2707 perforatam,
677 2614 859 2686 existente
886 2611 1069 2684 circularis
1096 2612 1285 2685 foraminis
1310 2612 1491 2685 diametro
1518 2612 1676 2708 partium

221 2731 385 2825 quinque
416 2745 629 2801 octavarum
665 2729 782 2826 digiti.
858 2729 908 2800 Et
939 2754 985 2801 ne
1020 2755 1118 2802 vena
1152 2755 1259 2825 aquae
1295 2729 1477 2802 exilientis
1508 2730 1677 2804 cadendo

221 2845 821 2919 acceleraretur&acceleratione
840 2847 1056 2919 redderetur
1073 2849 1273 2945 angustior,
1293 2847 1387 2918 hanc
1410 2846 1583 2919 laminam
1603 2872 1676 2921 non

220 2963 336 3036 sundo
353 2964 420 3035 sed
439 2962 544 3037 lateri
571 2964 670 3036 vasis
701 2964 800 3035 affixi
830 2964 891 3048 sic,
924 2981 965 3035 ut
992 2989 1088 3036 vena
1120 2963 1179 3036 illa
1207 2965 1447 3062 egrederetur
1473 2965 1676 3037 secundum

221 3079 354 3152 lineam
390 3080 568 3152 horizonti
604 3078 827 3176 parallelam.
902 3081 1000 3152 Dein
1036 3081 1097 3152 ubi
1133 3107 1199 3153 vas
1243 3107 1340 3177 aqua
1376 3079 1527 3176 plenum
1566 3096 1674 3167 esset,

219 3199 346 3292 aperui
375 3197 539 3269 soramen
569 3211 610 3267 ut
640 3222 736 3292 aqua
767 3197 953 3281 efflueret;
982 3196 1017 3268 81
1046 3222 1152 3269 venae
1181 3198 1369 3282 diameter,
1389 3198 1436 3268 ad
1463 3198 1676 3269 distantiam

220 3316 324 3410 quasi
344 3313 486 3386 dimidii
506 3313 611 3410 digiti
630 3340 652 3385 a
670 3314 849 3386 foramine
868 3338 979 3408 quam
1002 3314 1274 3386 accuratissime
1300 3332 1520 3400 mensurata,
1540 3316 1677 3410 prodiit

220 3434 379 3526 partium
415 3432 546 3529 viginti
592 3432 628 3504 &
671 3432 779 3503 unius
822 3432 1189 3527 quadragesimarum
1232 3431 1347 3528 digiti.
1430 3432 1523 3503 Erat
1567 3433 1677 3529 igitur

219 3548 401 3622 diameter
434 3549 625 3622 foraminis
661 3548 768 3644 hujus
805 3545 987 3619 circularis
1022 3546 1069 3617 ad
1101 3547 1320 3620 diametrum
1348 3574 1455 3621 venae
1486 3566 1527 3620 ut
1555 3571 1598 3640 25
1627 3549 1676 3621 ad

223 3689 263 3735 21
296 3665 585 3761 quamproxime.
648 3664 763 3760 Aqua
790 3665 901 3760 igitur
929 3663 1153 3735 transuendo
1181 3688 1248 3758 per
1276 3665 1452 3749 foramen,
1484 3665 1677 3761 convergit

221 3780 394 3874 undique,
426 3780 461 3852 8c
497 3796 695 3875 postquam
730 3780 872 3853 effluxit
900 3808 947 3854 ex
978 3806 1077 3865 vase,
1123 3781 1268 3854 tenuior
1315 3781 1480 3852 redditur
1522 3806 1674 3853 conver·

219 3897 355 3991 gend0,
376 3896 411 3968 ἃ
429 3923 496 3991 per
513 3897 804 3970 attenuationem
831 3896 1054 3970 acceleratur
1079 3896 1198 3969 donce
1215 3897 1263 3968 ad
1282 3895 1494 3968 distantiam
1512 3895 1676 3968 semissis

219 4013 326 4110 digiti
362 4039 384 4085 a
419 4013 598 4086 foramine
634 4015 853 4108 pervenerit,
891 4014 926 4085 ἃ
969 4013 1017 4085 ad
1061 4013 1274 4085 distantiam
1319 4012 1417 4085 illam
1461 4013 1605 4086 tenuior
1639 4011 1675 4085 81

219 4131 372 4203 celerior
398 4131 438 4202 fit
467 4156 579 4225 quam
611 4130 646 4201 in
678 4130 757 4226 ipso
785 4130 965 4203 foramine
1001 4131 1036 4201 in
1066 4129 1207 4202 ratione
1237 4152 1281 4222 25
1308 4154 1332 4201 x
1358 4151 1401 4221 25
1431 4130 1478 4202 ad
1507 4154 1548 4200 21
1578 4153 1602 4200 x
1628 4152 1669 4200 21

218 4275 284 4321 scu
324 4269 365 4340 17
404 4247 452 4319 ad
493 4272 533 4318 12
565 4249 856 4343 quamproxime,
885 4248 921 4320 id
949 4262 1005 4320 est
1033 4247 1068 4318 in
1095 4244 1352 4341 subduplicata
1377 4245 1517 4318 ratione
1545 4245 1676 4318 binarii

219 4365 267 4436 ad
286 4364 464 4436 unitatem
483 4364 633 4438 circiter.
690 4365 761 4437 Per
787 4364 1041 4459 experimenta
1070 4387 1160 4434 vero
1187 4376 1333 4433 constat
1359 4361 1460 4456 quod
1488 4361 1676 4456 quantitas

219 4509 336 4579 aquae,
357 4509 441 4578 quae
460 4509 527 4577 per
544 4482 709 4555 foramen
729 4481 902 4555 circulare
922 4482 956 4552 in
975 4480 1092 4551 sundo
1110 4478 1209 4551 vasis
1234 4477 1383 4566 sactum,
1402 4476 1490 4549 dato
1509 4492 1676 4572 tempore

219 4602 344 4686 effluit,
365 4626 410 4673 ea
427 4601 476 4672 sit
493 4626 577 4695 quae
596 4625 679 4671 cum
698 4599 893 4673 velocitate
912 4598 1097 4694 praedicta,
1118 4622 1190 4669 non
1218 4620 1285 4690 per
1302 4594 1467 4667 foramen
1490 4588 1589 4679 illud,
1607 4595 1675 4667 sed

220 4746 286 4812 per
316 4720 482 4791 foramen
514 4715 696 4802 circulare,
729 4718 833 4813 cujus
861 4716 1042 4788 diameter
1069 4729 1126 4786 est
1156 4713 1202 4784 ad
1234 4712 1456 4784 diametrum
1486 4711 1675 4784 foraminis

221 4832 315 4905 illius
347 4851 388 4906 ut
422 4860 461 4905 21
498 4834 545 4905 atl
578 4858 595 4904 2
603 4855 632 4925 5,
666 4833 799 4906 eodem
829 4848 996 4927 tempore
1027 4829 1176 4903 effluere
1207 4828 1327 4900 debet.
1387 4826 1552 4924 ldeoque
1578 4852 1675 4923 aqua
