1583 1669
489 206 525 228 358
725 205 759 219 DE
773 205 841 220 Moru
854 205 982 220 com’mwM

488 254 538 268 stum
547 250 626 274 primum
635 249 696 273 desg,
706 249 798 267 reactione
811 249 863 267 srusti
877 249 953 267 secundi
961 248 1027 272 sglci,
1038 253 1109 267 tantum
1123 250 1218 274 urgebitur

488 280 507 298 &
524 283 618 304 premetur
635 279 652 297 in
671 278 767 303 superficie
777 278 814 303 fg,
832 282 922 303 quantum
944 283 998 303 urget
1015 279 1033 297 ἃ
1051 279 1118 303 premit
1139 279 1217 298 frustum

489 309 533 328 illud
542 309 649 327 secundum.
677 308 766 326 Frustum
779 308 836 332 igitur
843 308 905 332 dags
910 308 957 326 inter
970 314 1036 326 conum
1046 308 1066 326 A
1073 308 1099 326 de
1107 308 1125 326 ἃ
1138 308 1217 327 frustum

483 338 516 362 fh
522 338 547 363 ig
565 337 692 362 comprimitur
708 337 799 361 utrinque,
813 337 831 355 δι
844 341 943 361 propterea
956 337 997 361 (per
1009 336 1063 355 corol.
1082 338 1094 355 6
1109 344 1160 362 prop.
1175 338 1216 362 xxx)

488 368 566 392 figuram
581 373 633 385 suam
648 373 722 385 servare
737 366 806 390 nequit,
821 366 856 384 nisi
869 366 888 384 vi
902 366 968 385 eadem
982 366 1114 390 comprimatur
1128 367 1215 391 undique.

489 397 563 416 Eodem
579 396 635 421 igitur
649 396 719 420 impetu
735 401 772 419 quo
787 395 876 419 premitur
894 395 912 413 in
930 395 1062 419 superficiebus
1075 396 1105 418 der
1112 396 1148 421 fg,
1162 403 1217 415 cona-

491 996 540 1014 bitur
557 996 622 1014 cedere
638 996 661 1014 ad
677 995 734 1014 latera
749 996 782 1020 df,
791 1003 830 1020 aeg;
850 996 912 1020 ibique
928 996 977 1020 (cum
993 996 1072 1021 rigidum
1086 1003 1123 1015 non
1139 997 1167 1018 sit,
1183 997 1216 1015 sed

490 1025 598 1044 omnimodo
616 1025 699 1050 fluidum)
718 1029 803 1043 excurret
820 1031 841 1043 ac
858 1025 969 1047 dilatabitur,
987 1026 1021 1044 nisi
1040 1026 1116 1044 fluidum
1133 1026 1217 1044 ambiens

490 1055 540 1073 adsit
559 1061 597 1079 quo
616 1058 693 1073 conatus
713 1055 747 1073 iste
768 1054 879 1073 cohibeatur.
920 1054 1000 1073 Proinde
1018 1059 1085 1073 conatu
1106 1055 1220 1075 excurrendi.

491 1088 563 1108 premet
576 1088 614 1102 tam
628 1084 705 1102 fluidum
718 1084 802 1102 ambiens
815 1084 838 1102 ad
853 1084 910 1102 latera
922 1084 953 1107 dfi
967 1090 995 1108 eg
1006 1090 1062 1108 quam
1076 1084 1221 1108 srustumfglzi

491 1113 557 1131 eodem
576 1113 656 1137 impetu;
679 1113 696 1131 8z
713 1117 812 1137 propterea
829 1113 900 1136 pressio
918 1119 954 1131 non
972 1113 1032 1131 minus
1054 1113 1187 1138 propagabitur
1207 1120 1219 1131 a

490 1141 578 1160 lateribus
593 1142 624 1166 df,
640 1149 664 1166 eg
679 1142 696 1160 in
712 1142 772 1166 spatia
787 1142 839 1163 ΝΟ,
849 1142 893 1160 KL
908 1142 950 1160 hinc
964 1142 1011 1163 inde,
1020 1149 1076 1166 quam
1086 1147 1218 1167 propagatura

491 1171 624 1195 superficiefg
631 1178 696 1189 versus
704 1171 723 1189 P
729 1171 751 1193 Q.
779 1171 801 1193 Q.
806 1171 829 1189 Ε.
834 1171 858 1189 D.
