4110 5782
444 529 518 600 xxii
928 532 1152 592 EDITORIS
1169 530 1417 590 I'RAEFATIO.

446 744 613 821 tempore
631 727 828 821 periodic0,
844 743 922 799 turn
941 728 1117 800 distantia
1135 728 1214 824 ejus
1232 752 1254 798 a
1273 740 1400 799 centro
1418 740 1534 799 terrae.
1589 725 1759 820 Spatium
1779 740 1901 820 poste-

447 844 521 915 rius
552 841 738 915 invenitur
767 869 835 938 per
863 844 1118 939 experimenta
1149 842 1404 940 pendulorum,
1430 841 1745 937 quemadmodum
1777 842 1904 914 docuit

446 959 653 1056 Hugem'us.
712 960 809 1033 lnito
827 959 954 1057 itaque
972 961 1120 1045 calculo,
1140 962 1300 1056 spatium
1328 960 1429 1055 prius
1453 959 1500 1030 ad
1519 959 1680 1052 spatium
1710 959 1902 1053 posterius,

447 1103 512 1150 seu
531 1078 588 1149 vis
606 1078 810 1173 centripeta
828 1077 925 1151 lunae
944 1079 979 1150 in
1006 1078 1125 1151 orbita
1152 1103 1219 1149 sua
1245 1075 1470 1150 revolventis
1488 1075 1535 1147 ad
1554 1076 1630 1146 vim
1654 1075 1847 1171 gravitatis
1867 1076 1903 1147 in

449 1194 643 1290 superficie
678 1210 796 1281 terrae,
829 1197 898 1269 erit
925 1211 966 1268 ut
997 1196 1219 1291 quadratum
1249 1192 1511 1268 semidiametri
1548 1207 1654 1264 terrae
1689 1191 1738 1263 ad
1773 1193 1903 1265 orbitae

448 1311 710 1385 semidiametri
746 1311 975 1407 quadratum.
1057 1312 1228 1383 Eandem
1264 1310 1376 1384 habet
1412 1309 1601 1389 rationem,
1634 1334 1701 1403 per
1734 1335 1778 1381 ea
1820 1335 1904 1404 quae

449 1429 617 1523 superius
652 1429 905 1514 ostenduntur,
934 1429 990 1500 vis
1017 1429 1220 1522 centripeta
1247 1426 1344 1499 lunae
1372 1427 1407 1498 in
1435 1427 1554 1498 orbita
1582 1451 1649 1496 sua
1680 1424 1904 1498 revolventis

450 1545 497 1618 ad
534 1546 608 1618 vim
644 1544 742 1618 lunae
777 1546 1018 1640 centripetam
1053 1569 1170 1639 prope
1205 1559 1313 1617 terrae
1344 1542 1585 1637 superficiem.
1667 1542 1736 1614 Vis
1780 1543 1904 1637 itaque

451 1662 654 1756 centripeta
688 1686 804 1756 prope
831 1678 937 1734 terrac
964 1660 1194 1757 superficiem
1221 1657 1374 1755 aequalis
1401 1675 1458 1732 est
1484 1660 1520 1731 vi
1546 1659 1747 1756 gravitatis.
1817 1659 1905 1732 Non

451 1804 541 1873 ergo
560 1777 716 1850 diversae
735 1793 821 1849 sunt
839 1779 945 1863 vires
960 1777 1026 1850 sed
1045 1803 1118 1849 una
1132 1793 1243 1873 atque
1258 1777 1389 1849 eadem
1406 1804 1413 1848 :
1441 1776 1470 1847 si
1485 1775 1582 1847 enim
1598 1776 1755 1848 diversae
1770 1793 1903 1860 essent,

452 1918 606 1988 corpora
623 1894 763 1966 viribus
782 1894 986 1991 conjunctis
1004 1893 1119 1989 duplo
1138 1893 1292 1967 celerius
1312 1893 1346 1965 in
1367 1909 1500 1965 terram
1520 1892 1695 1965 caderent
1717 1918 1830 1988 quam
1858 1919 1904 1964 cx

452 2009 490 2081 vi
517 2008 595 2081 sola
620 2010 821 2106 gravitatis
877 2010 1035 2084 Constat
1067 2013 1177 2109 igitur
1209 2012 1284 2083 vim
1315 2009 1412 2082 illam
1445 2010 1696 2104 centripetam,
1717 2036 1790 2105 qua
1819 2008 1905 2081 luna

453 2140 633 2220 perpetuo
650 2126 698 2198 de
717 2142 893 2223 tangente
919 2126 978 2200 vel
1006 2128 1163 2200 trahitur
1187 2127 1246 2200 vel
1276 2126 1475 2223 impellitur
1501 2127 1537 2198 ἃ
1564 2127 1599 2198 in
1626 2127 1746 2199 orbita
1772 2127 1904 2199 retine-

453 2257 520 2325 tur,
542 2242 658 2337 ipsam
677 2268 759 2315 esse
778 2243 853 2314 vim
870 2244 1063 2340 gravitatis
1082 2245 1262 2316 terrestris
1281 2244 1327 2315 ad
1347 2242 1471 2314 lunam
1486 2268 1603 2337 usque
1621 2243 1902 2338 pertingentem.

456 2357 508 2429 Et
526 2359 657 2430 rationi
676 2358 825 2454 quidem
845 2377 1134 2433 consentaneum
1153 2376 1264 2433 estut
1280 2360 1328 2432 ad
1348 2361 1516 2457 ingentes
1534 2359 1727 2430 distantias
1747 2357 1806 2430 illa
1823 2384 1906 2430 sese

452 2475 570 2547 virtus
599 2476 785 2562 extendat,
813 2502 896 2548 cum
929 2476 1065 2549 nullam
1097 2479 1176 2575 ejus
1208 2475 1419 2549 sensibilem
1453 2476 1756 2561 imminutionem,
1776 2475 1836 2547 vel
1869 2476 1904 2547 in

453 2589 640 2663 altissimis
671 2593 850 2665 montium
886 2594 1145 2679 cacuminibus
1177 2595 1376 2667 observare
1411 2591 1504 2665 licet.
1577 2593 1750 2664 Gravitat
1781 2591 1905 2687 itaque

453 2705 540 2778 luna
567 2707 603 2778 in
638 2722 796 2780 terram:
841 2710 929 2803 quin
966 2709 1002 2782 &
1035 2711 1180 2782 actione
1216 2725 1343 2781 mutua
1378 2727 1474 2781 terra
1508 2710 1669 2781 vicissim
1710 2710 1745 2780 in
1781 2707 1904 2780 lunam

454 2820 645 2917 aequaliter
678 2823 862 2919 gravitat:
907 2824 943 2895 id
979 2824 1079 2918 quod
1115 2824 1263 2897 abunde
1307 2825 1458 2920 quidem
1493 2825 1731 2897 confirmatur
1765 2826 1801 2897 in
1838 2826 1905 2896 hac

454 2935 697 3031 philosophia,
717 2938 779 3009 ubi
797 2939 919 3034 agitur
935 2939 982 3011 de
1001 2940 1111 3010 maris
1139 2956 1229 3012 aestu
1259 2940 1294 3011 81
1321 2940 1623 3034 aequinoctiorum
1650 2941 1904 3034 praecessione,

453 3055 501 3126 ab
528 3055 673 3127 actione
704 3072 782 3127 tum
801 3054 897 3128 lunae
928 3071 1007 3127 tum
1035 3054 1122 3128 solis
1150 3054 1188 3127 in
1218 3072 1351 3128 terram
1380 3055 1567 3129 oriundus,
1625 3056 1726 3128 Hinc
1754 3056 1789 3128 ἃ
1817 3056 1905 3129 illud

454 3171 605 3244 tandem
641 3171 847 3257 edocemur,
884 3198 957 3268 qua
992 3172 1162 3243 nimirum
1203 3170 1285 3269 lege
1320 3173 1377 3244 vis
1411 3173 1605 3269 gravitatis
1639 3172 1828 3246 decrescat
1865 3176 1900 3246 in

455 3288 654 3384 majoribus
673 3313 695 3360 a
713 3285 842 3360 tellure
860 3289 1052 3360 distantiis.
1111 3286 1211 3359 Nam
1239 3313 1322 3360 cum
1348 3290 1515 3385 gravitas
1542 3314 1615 3361 non
1642 3290 1792 3362 diversa
1818 3292 1866 3363 sit
1883 3318 1905 3363 a

454 3404 492 3475 vi
519 3405 722 3499 centripeta
753 3403 880 3493 lunari,
900 3405 979 3477 haec
1010 3430 1099 3477 vero
1127 3404 1175 3476 sit
1201 3405 1385 3499 reciproce
1414 3403 1696 3499 proportionalis
1725 3406 1906 3501 quadrato

454 3521 664 3605 distantiae;
691 3521 916 3593 diminuetur
934 3519 1151 3616 &gravitas
1170 3520 1205 3590 in
1225 3520 1356 3592 eadem
1376 3522 1526 3594 ratione.

508 3635 795 3731 Progrediamur
816 3638 894 3733 jam
922 3636 968 3707 ad
997 3634 1162 3730 planetas
1190 3635 1359 3731 reliquos.
1432 3638 1617 3731 Quoniam
1653 3635 1902 3710 revolutiones

456 3751 711 3847 primariorum
738 3753 832 3824 circa
859 3750 975 3824 solem
994 3752 1347 3824 &secundariorum
1377 3754 1472 3826 circa
1494 3756 1623 3851 jovem
1652 3753 1904 3825 &saturnum

456 3883 543 3940 sunt
577 3869 824 3964 phaenomena
853 3868 1000 3965 generis
1031 3867 1197 3964 ejusdem
1226 3893 1269 3939 ac
1300 3867 1481 3943 revolutio
1509 3869 1606 3942 lunae
1638 3871 1733 3942 circa
1761 3886 1905 3955 terram,

455 3986 630 4080 quoniam
675 4009 785 4079 porro
828 3984 1121 4056 demonstratum
1159 4000 1217 4057 est
1251 3985 1349 4057 vires
1393 3987 1615 4081 centripetas
1650 3987 1905 4080 primariorum

456 4101 565 4197 dirigi
596 4126 727 4174 versus
762 4116 929 4173 centrum
965 4099 1061 4185 soliS,
1092 4100 1392 4174 secundariorum
1421 4129 1551 4176 versus
1584 4119 1710 4176 centra
1738 4104 1838 4199 jovis
1870 4104 1906 4175 ἃ

456 4218 606 4303 saturni,
640 4218 957 4315 quemadmodum
989 4217 1085 4290 lunae
1114 4219 1171 4290 vis
1201 4219 1405 4313 centripeta
1432 4247 1562 4293 versus
1597 4236 1704 4293 terrae
1739 4237 1905 4293 centrum

456 4334 645 4431 dirigitur;
674 4334 812 4418 adhaec,
830 4335 1003 4429 quoniam
1018 4360 1147 4407 omnes
1167 4333 1237 4406 illae
1256 4335 1353 4407 vires
1367 4351 1453 4407 sunt
1467 4336 1650 4430 reciproce
1669 4350 1709 4406 ut
1727 4335 1908 4429 quadrata

455 4448 711 4522 distantiarum
743 4476 766 4522 a
792 4449 937 4538 centris,
971 4452 1285 4547 quemadmodum
1313 4453 1370 4523 vis
1401 4450 1498 4525 lunae
1529 4467 1586 4524 est
1614 4469 1654 4524 ut
1684 4452 1905 4546 quadratum

458 4565 643 4640 distantiae
661 4594 684 4639 a
702 4584 822 4641 terra:
850 4566 1144 4641 concludendum
1163 4570 1232 4642 crit
1250 4569 1407 4641 eandem
1425 4595 1507 4640 esse
1526 4584 1693 4640 naturam
1712 4569 1903 4643 universis

462 4683 593 4778 ltaque
612 4700 653 4754 ut
670 4683 758 4756 luna
773 4687 935 4781 gravitat
954 4686 989 4757 in
1009 4701 1152 4771 terram,
1166 4686 1202 4758 δι
1220 4702 1316 4758 terra
1330 4686 1490 4758 vicissim
1507 4686 1542 4756 in
1561 4683 1706 4768 lunam;
1724 4685 1776 4756 sic
1794 4686 1906 4759 etiam

458 4802 699 4898 gravitabunt
715 4827 845 4875 omnes
865 4803 1071 4876 secundarii
1100 4805 1134 4875 in
1165 4804 1357 4899 primarios
1376 4828 1472 4887 suos,
1492 4800 1528 4871 dt
1554 4800 1715 4894 primarii
1743 4801 1904 4874 vicissim
