4110 5782
402 440 422 510 3
428 440 475 510 30
885 414 954 472 DE
971 414 1110 475 MOTU
1125 414 1152 472 C
1154 413 1304 476 ORPOR
1310 412 1377 472 UM

402 610 463 686 illa
496 610 651 687 effluens
685 606 920 681 velocitatem
964 608 1076 681 habet
1118 608 1292 680 deorsum
1335 606 1372 679 in
1416 606 1497 701 ipso
1531 606 1710 680 foramine
1744 632 1855 702 quam

400 755 516 831 grave
541 726 711 800 cadendo
737 725 877 798 &casu
905 750 974 798 suo
1001 724 1246 798 describendo
1272 723 1464 797 dimidiam
1492 721 1724 796 altitudinem
1747 750 1856 821 aquae

401 846 438 918 in
473 867 564 918 vase
589 842 796 940 stagnantis
827 842 1016 938 acquirere
1045 857 1171 937 potest
1200 841 1491 937 quamproxime.
1561 840 1639 913 Sed
1657 857 1856 937 postquam

346 1012 348 1016 ι
401 961 518 1034 exivit
551 983 612 1033 ex·
633 985 733 1046 vase,
769 957 993 1032 acceleratur
1034 958 1298 1056 convergendo
1341 957 1460 1030 donec
1502 958 1551 1030 ad
1586 959 1800 1031 distantiam
1834 985 1857 1030 a

402 1076 582 1152 foramine
615 1076 798 1150 diametro
846 1075 1035 1148 foraminis
1077 1100 1195 1171 prope
1238 1071 1420 1170 aequalem
1462 1075 1684 1169 pervenerit,
1722 1075 1757 1147 8c
1792 1101 1855 1147 ve-

402 1193 588 1274 locitatem
628 1193 866 1290 acquisiverit
900 1193 1078 1288 majorem
1113 1192 1150 1265 in
1180 1191 1322 1263 ratione
1356 1189 1774 1286 subduplicatabinarii
1808 1191 1857 1264 ad

403 1310 583 1387 unitatem
611 1311 772 1397 circiter;
799 1334 912 1405 quam
943 1309 1071 1404 utique
1097 1333 1213 1406 grave
1244 1307 1480 1397 cadendo&
1510 1333 1597 1381 casu
1625 1334 1694 1381 suo
1721 1308 1856 1381 descri-

403 1429 528 1506 bendo
558 1443 674 1501 totam
705 1425 937 1501 altitudinem
968 1450 1076 1521 aquae
1105 1425 1140 1497 in
1170 1449 1260 1496 vase
1287 1424 1505 1520 stagnantis
1524 1425 1714 1520 acquirere
1733 1440 1858 1521 potest

404 1544 695 1642 quamproxime.

475 1660 778 1757 Insequentibus
797 1660 908 1758 igitur
932 1659 1113 1733 diameter
1138 1683 1246 1731 venae
1268 1657 1484 1756 designetur
1501 1685 1568 1756 per
1584 1659 1749 1733 foramen
1769 1658 1857 1733 illud

404 1781 525 1855 minus
551 1779 652 1875 quod
679 1779 895 1852 vocavimus
920 1778 962 1850 E
970 1778 1014 1851 F.
1083 1777 1136 1850 Et
1165 1774 1277 1872 plano
1309 1776 1499 1849 foraminis
1528 1777 1570 1849 E
1579 1777 1620 1848 F
1644 1774 1857 1871 parallelum

405 1896 489 1972 duci
507 1893 733 1993 intelligatur
749 1893 900 1991 planum
918 1893 1018 1968 aliud
1045 1895 1214 1991 superius
1241 1893 1336 1966 VW
1362 1894 1410 1966 ad
1437 1894 1650 1966 distantiam
1676 1894 1858 1969 diametro
1921 1999 1922 2004 ἵ

404 2012 594 2089 foraminis
621 2011 803 2108 aequalem
830 2012 973 2085 circiter
1002 2011 1038 2085 81
1067 2012 1248 2086 foramine
1278 2011 1418 2107 majore
1445 2010 1480 2082 S
1494 2010 1533 2081 Τ
1551 2026 1765 2105 pertusum;
1791 2036 1859 2106 per

404 2128 507 2226 quod
537 2128 665 2224 utique
695 2153 793 2202 vena
823 2129 940 2215 cadat,
972 2154 1056 2225 quae
1090 2129 1288 2225 adaequate
1323 2124 1474 2222 impleat
1507 2125 1672 2198 foramen
1709 2126 1859 2199 inferius

404 2246 446 2321 E
452 2245 497 2332 F,
525 2259 638 2340 atque
656 2244 741 2319 ideo
758 2246 861 2342 cujus
880 2246 1061 2319 diameter
1085 2246 1134 2319 sit
1158 2245 1207 2318 ad
1234 2245 1453 2317 diametrum
1472 2242 1660 2315 foraminis
1679 2243 1858 2316 inferioris

404 2378 446 2439 ut
465 2383 509 2455 25
530 2361 578 2434 ad
608 2386 649 2433 21
681 2361 832 2436 circiter.
887 2362 951 2435 Sic
978 2363 1077 2435 enim
1108 2387 1206 2435 vena
1233 2361 1493 2458 perforamen
1523 2359 1673 2431 inferius
1700 2385 1856 2455 perpen-

403 2477 614 2556 diculariter
641 2479 831 2567 transibit;
858 2478 895 2552 81
923 2479 1109 2576 quantitas
1139 2504 1247 2575 aquae
1278 2476 1472 2562 effluentis,
1504 2501 1572 2571 pro
1602 2476 1858 2573 magnitudine

403 2595 592 2672 foraminis
620 2595 738 2692 hujus,
774 2621 820 2668 ea
849 2597 919 2669 erit
953 2622 1065 2692 quam
1094 2594 1227 2669 solutio
1258 2591 1497 2690 problematis
1532 2590 1695 2687 postulat
1729 2618 1856 2689 quam-

334 2735 337 2741 ·
402 2711 580 2813 proxime.
652 2711 824 2807 Spatium
854 2737 954 2798 vero,
991 2713 1092 2808 quod
1135 2711 1255 2809 planis
1298 2709 1445 2783 duobus
1484 2707 1520 2781 81
1562 2734 1660 2781 vena
1702 2711 1859 2784 cadente

402 2825 593 2916 clauditur,
612 2852 681 2922 pro
698 2827 814 2901 fundo
831 2827 931 2900 vasis
949 2828 1076 2902 haberi
1103 2844 1234 2924 potest.
1288 2826 1367 2900 Sed
1393 2841 1435 2898 ut
1460 2822 1594 2898 solutio
1620 2824 1859 2920 problematis

402 2939 603 3037 simplicior
620 2942 668 3015 sit
689 2941 726 3015 81
752 2944 871 3041 magis
889 2944 1159 3035 mathematica,
1179 2958 1332 3041 praestat
1357 2940 1535 3014 adhibere
1560 2938 1712 3036 planum
1738 2942 1858 3018 solum
1952 2976 1956 2982 ·

402 3057 554 3135 inferius
582 3083 650 3153 pro
680 3057 797 3132 fundo
824 3061 934 3147 vasis
954 3061 991 3135 81
1018 3061 1158 3161 fingere
1181 3061 1282 3158 quod

401 3199 501 3272 aqua
526 3199 610 3270 quae
628 3200 696 3270 per
711 3173 868 3272 glaciem
887 3203 953 3250 ceu
981 3204 1047 3274 per
1072 3178 1281 3251 infundibu-
1357 3233 1361 3258 ,

402 3287 479 3367 lum
498 3291 694 3377 defluebat,
715 3292 750 3364 81
769 3317 790 3366 e
808 3318 898 3366 vase
915 3319 983 3389 per
1007 3294 1173 3368 foramen
1199 3297 1240 3367 E
1248 3296 1290 3366 F

295 3488 298 3495 ,
403 3406 441 3480 iu
488 3403 601 3501 plano
635 3407 806 3480 inferiore
840 3408 978 3481 factum
1013 3411 1281 3508 egrediebatur,

403 3537 546 3596 motum
578 3548 686 3595 suum
717 3540 897 3620 perpetuo
923 3543 1056 3613 servet,
1085 3526 1284 3625 &glacies

406 3637 572 3736 quietem
589 3664 705 3714 suam.
762 3641 805 3712 ln
832 3643 1073 3737 sequentibus
1101 3644 1211 3742 igitur
1236 3644 1284 3717 sit

402 3755 438 3835 S
452 3755 491 3828 T
510 3756 691 3830 diameter
702 3756 891 3831 foraminis
905 3757 1088 3832 circularis
1106 3777 1232 3834 centro
1250 3762 1287 3832 Z

403 3872 578 3968 descripti
593 3898 660 3968 per
677 3874 777 3969 quod
796 3890 978 3948 cataracta
995 3877 1112 3950 effluit
1129 3902 1176 3949 ex
1193 3902 1284 3950 vase
1566 3923 1575 3944 ι
1642 3879 1670 3906 ”’

403 3987 467 4062 ubi
489 4013 587 4084 aqua
612 4003 691 4062 tota
718 3991 754 4063 in
780 4016 871 4064 vase
897 3992 1011 4065 fluida
1036 4009 1101 4066 est.
1159 3993 1212 4065 Et
1236 3994 1285 4066 sit
1352 4064 1542 4100 ——-.
1571 4018 1601 4097 ὸ

403 4106 445 4178 E
453 4106 495 4177 F
506 4105 687 4179 diameter
700 4106 888 4180 foraminis
902 4133 970 4203 per
982 4110 1082 4205 quod
1101 4125 1285 4184 cataracta
1336 4084 1354 4128 ⁰
1517 4083 1542 4134 h
1617 4076 1639 4126 t·

403 4221 573 4295 cadendo
591 4222 788 4318 adaequate
806 4225 945 4310 transit,
964 4226 1044 4299 sive
1062 4250 1161 4321 aqua
1185 4242 1301 4300 exeat.
1312 4253 1359 4300 ex
1377 4257 1467 4305 vase
1493 4256 1561 4327 per
1585 4231 1751 4305 foramen
1771 4230 1862 4306 illud

403 4339 573 4434 superius
591 4339 625 4411 S
640 4338 680 4426 T,
699 4339 780 4413 sive
798 4340 906 4412 cadat
923 4365 990 4435 per
1008 4341 1171 4414 medium
1197 4340 1328 4439 glaciei
1355 4346 1392 4418 iu
1410 4372 1501 4421 vase
1519 4362 1697 4443 tanquam
1724 4374 1791 4444 per
1809 4350 1861 4421 in-

403 4453 646 4529 fundibulum.
702 4455 755 4528 Et
772 4455 821 4528 sit
837 4456 1019 4530 diameter
1035 4458 1224 4532 foraminis
1242 4462 1440 4558 superioris
1467 4463 1502 4535 S
1516 4464 1555 4535 Τ
1573 4464 1621 4536 ad
1640 4464 1862 4537 diametrum

404 4570 585 4645 inferioris
607 4572 699 4644 EF
714 4587 756 4644 ut
775 4593 819 4665 25
846 4573 893 4645 ad
915 4597 956 4645 21
989 4574 1139 4662 circiter,
1161 4576 1196 4648 δι
1222 4576 1397 4650 distantia
1425 4577 1739 4674 perpendicularis
1767 4581 1863 4653 inter
1934 4601 1937 4607 ’

403 4684 514 4784 plana
557 4687 778 4760 foraminum
822 4687 976 4784 aequalis
1019 4690 1068 4764 sit
1109 4692 1291 4768 diametro
1334 4694 1524 4768 foraminis
1567 4696 1719 4770 minoris
1761 4697 1803 4769 E
1815 4699 1860 4771 F.

406 4803 459 4877 Et
484 4802 661 4879 velocitas
688 4828 795 4899 aquae
822 4831 843 4878 e
870 4830 960 4878 vase
987 4831 1054 4902 per
1078 4806 1243 4883 foramen
1272 4811 1306 4883 S
1320 4811 1359 4882 T
1378 4812 1547 4884 exeuntis
1574 4837 1618 4884 ea
1637 4814 1705 4886 erit
1724 4813 1760 4885 in
1780 4813 1863 4909 ipso
