4088 5768
875 466 1017 525 trusa
1037 465 1220 525 PRIMUS
1708 471 1762 562 89

281 683 283 688 ·
372 663 490 761 Igitur
514 662 545 734 si
572 660 691 759 figura
716 659 903 735 rectilinea
927 662 963 733 in
981 660 1091 734 aliam
1110 662 1391 734 transmutanda
1408 676 1474 748 est,
1493 662 1628 736 sufficit
1645 681 1760 738 recta-

300 807 391 866 rum,
418 806 441 852 a
466 780 600 876 quibus
627 777 815 865 conflatur,
844 779 1122 852 intersectiones
1149 778 1355 867 transferre,
1384 778 1420 852 8c
1449 805 1518 876 per
1542 782 1694 855 easdem
1721 784 1758 855 in

300 898 418 995 figura
436 922 534 970 nova
551 895 666 969 lineas
685 911 803 968 rectas
821 893 965 970 ducere.
1020 895 1088 969 Sin
1115 896 1353 970 curvilineam
1380 911 1625 971 transmutare
1650 924 1758 995 opor·
1849 965 1851 970 .

298 1032 361 1101 tet,
388 1014 643 1088 transferenda
668 1028 754 1086 sunt
780 1027 926 1108 puncta,
954 1027 1159 1111 tangentes,
1189 1013 1224 1087 81
1250 1013 1331 1088 aliae
1358 1031 1477 1103 rectae,
1505 1042 1661 1112 quarum
1687 1043 1760 1114 ope

297 1159 411 1207 curva
427 1131 524 1206 linea
542 1130 724 1205 definitur.
782 1130 942 1203 Inservit
959 1147 1084 1204 autem
1098 1130 1167 1204 hoc
1181 1129 1316 1204 lemma
1329 1129 1501 1205 solutioni
1515 1131 1760 1207 difficiliorum

297 1247 578 1346 problematum,
598 1246 880 1320 transmutando
898 1246 1034 1344 figuras
1052 1247 1261 1343 propositas
1288 1248 1324 1321 in
1351 1249 1600 1345 simpliciores.
1658 1251 1759 1324 Nam

297 1383 408 1441 rectae
443 1367 586 1463 quaevis
621 1379 890 1462 convergentes
921 1380 1211 1437 transmutantur
1241 1365 1277 1437 in
1313 1365 1514 1461 parallelas
1544 1362 1760 1443 'adhibendo

296 1511 366 1581 pro
401 1485 503 1558 radio
537 1484 707 1557 ordinato
742 1483 862 1578 primo
895 1479 1030 1554 lineam
1065 1483 1236 1578 quamvis
1272 1498 1418 1571 rectam,
1450 1511 1534 1581 quae
1572 1512 1640 1581 per
1673 1512 1758 1560 con-

296 1627 444 1675 cursum
474 1599 779 1698 convergentium
807 1598 957 1685 transit;
987 1599 1100 1696 idque
1130 1600 1217 1696 quia
1242 1625 1441 1674 concursus
1468 1599 1528 1675 ille
1554 1602 1624 1676 hoc
1650 1618 1760 1698 pacto

296 1719 374 1792 abit
418 1719 454 1791 in
498 1717 701 1802 infinitum;
749 1715 867 1788 lineae·
905 1731 1028 1790 autem
1076 1716 1260 1812 parallelae
1303 1732 1399 1804 sunt,
1443 1744 1528 1815 quae
1575 1744 1759 1816 nusquam

297 1851 526 1909 concurrunt.
601 1834 802 1930 Postquam
837 1848 961 1905 autem
1000 1832 1192 1929 problema
1226 1832 1381 1908 solvitur
1415 1835 1451 1907 in
1487 1835 1606 1934 figura
1640 1862 1759 1924 nova;

296 1953 328 2025 si
363 1977 430 2048 per
468 1952 634 2023 inversas
670 1950 905 2046 operationes
943 1965 1209 2024 transmutetur
1250 1950 1330 2024 haec
1368 1951 1486 2050 figura
1523 1953 1560 2025 in
1602 1953 1759 2053 figuram

296 2070 463 2166 primam,
483 2069 679 2142 habebitur
696 2067 831 2142 solutio
848 2069 1013 2164 quaesita.

367 2185 472 2261 Utile
495 2203 553 2260 est
576 2187 687 2259 etiam
714 2185 785 2259 hoc
810 2183 947 2258 lemma
974 2187 1010 2258 in
1036 2184 1220 2259 solutione
1246 2184 1448 2259 solidorum
1474 2184 1755 2282 problematum.

298 2303 399 2375 Nam
426 2304 572 2399 quoties
597 2303 682 2376 duae
709 2302 892 2375 sectiones
913 2301 1050 2374 conicae
1072 2302 1301 2388 obvenerint,
1321 2328 1477 2398 quarum
1498 2303 1758 2377 intersectione

293 2419 486 2517 problema
511 2419 605 2494 solvi
633 2436 765 2515 potest,
786 2434 1031 2492 transmutare
1057 2417 1142 2491 licet
1168 2444 1294 2491 earum
1321 2418 1543 2507 alterutram,
1566 2421 1596 2493 si
1623 2420 1756 2516 hyper·

293 2537 380 2612 bola
409 2539 457 2611 sit
487 2536 546 2610 vel
578 2536 761 2633 parabola,
794 2538 831 2610 in
858 2535 1027 2632 ellipsin:
1056 2536 1193 2609 deinde
1223 2534 1361 2632 ellipsis
1391 2536 1497 2610 sacile
1527 2552 1691 2612 mutatur
1721 2539 1757 2611 in

294 2653 478 2727 circulum.
551 2655 669 2727 Recta
696 2655 784 2728 item
815 2654 996 2728 &sectio
1025 2654 1161 2738 conica,
1194 2653 1230 2725 in
1261 2654 1533 2729 constructione
1563 2654 1757 2751 planorum

293 2771 575 2868 problematum,
595 2788 790 2846 vertuntur
808 2774 844 2845 in
864 2788 1002 2845 rectam
1022 2769 1259 2844 &circulum
1333 2774 1335 2778 ’

449 3044 822 3119 PROPOSITIO
861 3045 1005 3119 XXV.
1076 3045 1410 3120 PROBLEMA
1451 3047 1602 3120 XVII.

300 3242 564 3339 Trajeclorzizm
588 3241 787 3331 descm‘bere,
806 3267 887 3339 quae
901 3251 975 3337 per
997 3241 1085 3339 datu
1110 3241 1182 3315 duo
1199 3252 1341 3338 puncta
1367 3245 1549 3334 transibit,
1571 3246 1621 3322 ὅ
1646 3251 1759 3339 rectas

608 3470 612 3478 Ι
731 3384 804 3448 tres
819 3375 1001 3472 continget
1008 3375 1188 3470 positione
1202 3377 1315 3453 datas.

363 3587 434 3661 Per
463 3611 681 3660 concursum
712 3587 948 3684 tangentium.
976 3612 1065 3682 qua·
1119 3623 1133 3689 ι·
1377 3614 1404 3682 ,p

292 3704 431 3776 rumvis
459 3704 616 3776 duarum
649 3728 732 3775 cum
763 3728 805 3775 se
833 3704 1002 3788 invicem,
1032 3702 1068 3775 &

291 3844 508 3893 concursum
528 3820 715 3917 tangentis
733 3819 851 3892 tertiae
869 3845 952 3892 cum
968 3837 1068 3893 recta

292 3936 361 4021 illa,
389 3963 473 4033 quae
501 3962 568 4033 per
593 3950 730 4031 puncta
756 3935 831 4008 duo
855 3935 943 4008 data
970 3951 1067 4009 tran·

290 4055 348 4139 sit,
393 4079 463 4152 age
511 4070 649 4126 rectam
698 4051 906 4138 infinitam;
950 4078 1070 4149 eaque

291 4170 457 4243 adhibita
491 4195 559 4266 pro
595 4169 699 4242 radio
733 4168 904 4241 ordinato
939 4169 1068 4263 primo,

292 4303 557 4360 transmutetur
588 4287 714 4385 figura,
747 4311 814 4383 per
844 4285 979 4358 lemma
1010 4312 1069 4359 su-

290 4405 424 4499 perius
457 4405 493 4477 in
523 4403 679 4501 figuram
711 4427 857 4476 novam.
928 4403 971 4474 In
1003 4402 1072 4475 hac

291 4521 409 4618 figura
443 4536 640 4618 tangentes
676 4517 746 4593 illae
784 4519 869 4592 duae
911 4518 1074 4592 evadent

290 4637 360 4710 sibi
405 4637 562 4710 invicem
606 4633 799 4732 parallelae,
837 4633 873 4707 &
916 4651 1073 4733 tangens

291 4754 400 4827 tertia
426 4753 490 4827 fiet
515 4752 689 4849 parallela
717 4767 825 4826 rectae
848 4777 917 4848 per
937 4768 1075 4849 puncta

291 4871 369 4943 duo
386 4870 473 4944 data
491 4871 705 4944 transeunti.
761 4870 882 4945 Sunto
906 4871 967 4958 lzi,
995 4872 1050 4944 kl
1074 4881 1271 4966 tangentes
1293 4861 1363 4936 illae
1384 4863 1469 4936 duae
1491 4861 1685 4959 parallelae,
1708 4862 1757 4935 ik
