4088 5768
766 407 989 467 Emroxls
1009 407 1259 466 PRAEFATJO.
1652 412 1754 483 xxvii

299 607 466 706 objectio
485 605 516 676 si
535 605 617 701 quis
644 602 778 676 dixerit
803 601 956 674 eosdem
983 614 1105 674 motus
1132 626 1198 696 per
1223 602 1381 673 vortices
1408 603 1581 699 explicari
1606 607 1753 696 debere,

299 724 442 798 etiamsi
462 723 498 796 id
518 722 594 795 lieri
614 746 723 816 posse
742 717 800 792 vel
823 717 983 790 maxime
1001 719 1299 791 concesserimus
1355 719 1444 792 Non
1471 737 1595 794 autem
1623 749 1752 797 conce-

297 844 443 914 dimus:
470 853 661 935 nequeunt
678 838 776 908 enim
795 834 868 908 ullo
887 850 995 929 pacto
1021 835 1268 931 phaenomena
1294 861 1361 930 per
1378 838 1537 910 vortices
1556 839 1752 935 explicari;

297 958 397 1055 quod
416 959 464 1030 ab
482 971 631 1028 auctore
650 968 776 1026 nostro
794 953 942 1025 abunde
969 952 1120 1048 quidem
1139 951 1402 1026 &clarissimis
1429 956 1632 1029 rationibus
1651 958 1752 1059 evin-

297 1076 409 1161 citur;
436 1089 478 1145 ut
503 1072 642 1145 somnis
660 1070 743 1166 plus
761 1095 870 1165 aequo
897 1069 1113 1166 indulgeant
1139 1085 1317 1165 oporteat,
1338 1072 1400 1167 qui
1428 1073 1660 1168 ineptissimo
1687 1074 1753 1171 fig·

298 1209 424 1264 mento
459 1188 700 1273 resarciendo,
737 1187 919 1282 novisque
953 1212 1063 1282 porro
1098 1189 1317 1260 commentis
1360 1173 1527 1264 ornando
1571 1192 1752 1266 infelicem

297 1335 448 1404 operam
474 1308 659 1380 addicunt
1473 1391 1475 1394 y

363 1429 404 1500 Si
436 1453 590 1524 corpora
621 1423 850 1520 planetarum
882 1424 918 1496 dt
948 1439 1176 1496 cometarum
1206 1426 1301 1497 circa
1334 1423 1452 1499 solem
1487 1428 1701 1502 deferantur
1731 1457 1753 1503 a

295 1546 515 1631 vorticibus;
543 1557 691 1638 oportet
708 1566 862 1635 corpora
887 1540 1010 1612 delata
1028 1541 1064 1613 dc
1082 1542 1262 1614 vorticum
1290 1560 1414 1638 partes
1441 1547 1609 1640 proxime
1635 1548 1751 1620 ambi-

295 1680 399 1735 entes
430 1662 562 1734 eadem
593 1658 788 1733 velocitate
815 1659 1021 1753 eademque
1048 1684 1174 1731 cursus
1201 1661 1508 1736 determinatione
1536 1665 1687 1750 moveri,
1716 1665 1752 1738 ἃ

295 1780 451 1853 candem
470 1779 606 1851 habere
624 1776 846 1850 densitatem
865 1774 924 1847 vel
943 1775 1100 1848 eandem
1119 1777 1196 1848 vim
1215 1778 1355 1851 inertiae
1374 1805 1441 1875 pro
1460 1779 1556 1853 mole
1575 1782 1748 1854 materiae.

297 1899 454 1971 Constat
470 1921 560 1969 vero
578 1893 746 1990 planetas
765 1893 801 1965 8ι
819 1908 991 1977 cometas,
1011 1894 1101 1964 dum
1119 1911 1314 1968 versantur
1333 1898 1368 1968 in
1389 1898 1520 1970 iisdem
1539 1899 1751 1995 regionibus

294 2013 476 2099 caelorum,
496 2012 752 2085 velocitatibus
778 2011 889 2082 variis
915 2012 1092 2106 variaque
1109 2038 1236 2084 cursus
1263 2013 1570 2088 determinatione
1597 2016 1748 2089 moveri.

298 2130 518 2203 Necessario
549 2131 673 2224 itaque
703 2127 878 2222 sequitur,
906 2141 946 2198 ut
976 2127 1078 2198 fluidi
1109 2127 1265 2200 caelestis
1291 2146 1415 2224 partes
1447 2129 1526 2216 illae,
1555 2157 1639 2227 quae
1665 2148 1752 2204 sunt

294 2248 341 2319 ad
369 2247 520 2319 easdem
549 2245 743 2318 distantias
769 2270 791 2316 a
820 2242 907 2327 sole,
936 2243 1175 2316 revolvantur
1199 2247 1332 2318 eodem
1362 2262 1528 2342 tempore
1556 2248 1593 2320 in
1621 2248 1750 2345 plagas

294 2365 460 2437 diversas
479 2389 562 2435 cum
580 2363 737 2434 diversis
755 2361 1036 2435 velocitatibus:
1063 2363 1200 2434 etenim
1230 2363 1302 2435 alia
1330 2390 1424 2459 opus
1451 2365 1521 2438 erit
1547 2367 1750 2440 directione

296 2481 332 2553 81
360 2479 565 2564 velocitate,
601 2494 642 2551 ut
673 2478 827 2551 transire
853 2479 997 2572 possint
1028 2478 1207 2573 planetae;
1238 2479 1317 2566 alia,
1350 2495 1391 2552 ut
1422 2481 1576 2554 transire
1607 2483 1751 2577 possint

293 2613 456 2669 cometae.
512 2595 624 2688 Quod
652 2620 736 2667 curn
762 2593 934 2689 explicari
964 2610 1143 2690 nequeat;
1170 2594 1229 2668 vel
1256 2595 1447 2669 latendum
1474 2598 1552 2682 erit,
1577 2597 1750 2670 universa

294 2739 447 2809 corpora
472 2711 633 2785 caelestia
660 2738 734 2785 non
760 2712 895 2785 deserri
921 2738 944 2783 a
974 2713 1127 2784 materia
1153 2713 1324 2800 vorticis;
1356 2711 1415 2786 vel
1442 2713 1642 2786 dicendum
1670 2715 1747 2798 erit,

292 2831 493 2904 eorundem
513 2847 634 2902 motus
662 2830 882 2924 repetendos
909 2854 992 2901 esse
1020 2854 1094 2902 non
1121 2830 1169 2901 ab
1188 2855 1262 2902 uno
1288 2831 1495 2926 eodemque
1513 2832 1662 2917 vortice,
1682 2834 1748 2904 sed

292 2948 496 3043 apluribus
523 2947 586 3042 qui
612 2948 660 3019 ab
687 2947 845 3019 invicem
864 2945 1000 3019 diversi
1028 2947 1110 3031 sint,
1131 2946 1305 3043 idemque
1331 2948 1490 3043 spatium
1510 2946 1577 3021 soli
1596 2949 1746 3020 circum-

287 3065 427 3162 jectum
450 3064 666 3160 pervadant.

358 3183 400 3254 Si
427 3181 551 3277 plures
569 3182 728 3254 vortices
755 3180 791 3251 in
811 3180 944 3252 eodem
970 3180 1091 3275 spatio
1109 3181 1297 3266 contineri,
1318 3181 1354 3253 δε
1380 3208 1464 3254 sese
1490 3197 1619 3254 mutuo
1637 3207 1749 3276 pene·

292 3314 387 3373 trare
406 3299 641 3394 motibusque
659 3298 816 3370 diversis
835 3295 976 3369 revolvi
995 3313 1198 3391 ponantur;
1219 3299 1394 3393 quoniam
1413 3299 1450 3371 hi
1470 3314 1591 3372 motus
1610 3300 1749 3372 debent

292 3442 373 3488 esse
391 3415 598 3489 conformes
616 3413 823 3486 delatorum
850 3438 1043 3507 corporum
1071 3414 1242 3499 motibus,
1263 3415 1325 3510 qui
1354 3430 1441 3487 sunt
1468 3442 1612 3489 summe
1641 3442 1747 3513 regu-

292 3531 394 3618 lares,
415 3532 451 3604 &
469 3548 696 3628 peraguntur
714 3531 749 3601 in
768 3530 991 3603 sectionibus
1010 3532 1145 3603 conicis
1166 3556 1262 3604 nunc
1280 3531 1390 3605 valde
1409 3535 1631 3620 eccentricis,
1652 3559 1749 3605 nunc

291 3651 338 3722 ad
365 3647 579 3722 circulorum
608 3648 775 3743 proxime
802 3647 958 3720 formam
985 3648 1265 3735 accedentibus;
1287 3650 1371 3746 jure
1398 3651 1639 3746 quaerendum
1668 3650 1747 3734 erit,

291 3767 353 3864 qui
388 3766 466 3839 fieri
501 3767 627 3861 possit,
663 3781 705 3838 ut
739 3766 851 3837 iidem
887 3766 1018 3862 integri
1054 3784 1320 3839 conserventur
1354 3792 1421 3839 nec
1459 3768 1507 3839 ab
1542 3767 1748 3840 actionibus

292 3885 454 3957 materiae
472 3883 697 3957 occursantis
715 3907 782 3976 per
808 3896 863 3954 tot
889 3881 1023 3953 saecula
1049 3883 1246 3978 quicquam
1274 3885 1544 3978 perturbentur.
1599 3884 1700 3955 Sane
1718 3884 1748 3955 si

292 4018 412 4076 motus
430 4001 467 4072 hi
487 4000 601 4073 fictitii
628 4015 716 4071 sunt
741 3999 859 4095 magis
879 3999 1073 4093 compositi
1102 3999 1138 4070 81
1163 3997 1346 4071 difficilius
1373 3998 1611 4094 explicantur,
1635 4024 1746 4094 quam

290 4121 367 4194 veri
395 4118 444 4192 illi
476 4134 597 4192 motus
625 4117 854 4213 planetarum
887 4116 923 4189 ἃ
954 4133 1199 4203 cometarum;
1231 4116 1364 4188 srustra
1394 4116 1483 4187 mihi
1510 4117 1685 4188 videntur
1711 4118 1746 4188 in

288 4236 559 4334 philosophiam
586 4235 722 4329 recipi:
749 4234 869 4306 omnis
896 4234 994 4306 enim
1021 4258 1131 4304 causa
1158 4233 1270 4305 debet
1296 4259 1379 4306 esse
1405 4233 1538 4306 effectu
1566 4259 1634 4306 suo
1660 4235 1746 4305 sirn-

291 4356 426 4452 plicior.
492 4355 682 4426 Concessa
716 4350 919 4423 fabularum
956 4350 1111 4434 licentia,
1143 4349 1382 4422 affirmaverit
1417 4349 1548 4445 aliquis
1581 4349 1748 4445 planetas

292 4499 422 4547 omnes
449 4472 485 4544 8ι
511 4485 675 4545 cometas
694 4467 928 4562 circumcingi
955 4465 1222 4560 atmosphaeriS,
1243 4466 1408 4538 adinstar
1434 4465 1572 4540 telluris
1592 4484 1748 4553 nostrae;

291 4615 376 4686 quae
403 4589 555 4685 quidem
583 4585 801 4682 hypothesis
831 4583 962 4656 rationi
993 4584 1112 4679 magis
1143 4600 1393 4656 consentanea
1421 4584 1608 4657 videbitur
1637 4610 1748 4680 quam

298 4705 514 4801 hypothesis
532 4703 723 4776 vorticum.
777 4701 1031 4773 Affirmaverit
1057 4700 1192 4771 deinde
1220 4699 1286 4771 has
1313 4701 1590 4795 atmosphaeras,
1611 4727 1657 4773 ex
1686 4726 1747 4771 na-
