4088 5768
860 379 1002 436 emen
1022 379 1207 439 PRIMUS.
1696 405 1760 475 115

302 542 558 667 subduplicata
577 573 718 647 ratione
736 572 937 672 rectanguli
951 572 972 653 ὲ
988 574 1019 646 L
1033 598 1058 647 x
1072 574 1146 646 SP
1158 573 1206 647 ad
1225 575 1259 648 S
1269 576 1308 648 Υ
1320 576 1550 672 quadratum.
1608 579 1680 651 Est
1697 605 1760 652 au-

302 751 377 807 tem
395 760 442 807 ex
461 736 596 810 conicis
614 737 655 808 A
673 738 752 811 CB
768 739 815 811 ad
838 740 872 811 C
878 740 942 836 Pq
959 754 1000 812 ut
1019 763 1037 811 2
1058 740 1098 811 A
1116 740 1150 812 O
1167 739 1214 812 ad
1236 740 1277 826 L,
1298 739 1456 837 ideoque
1477 710 1495 758 ²
1520 687 1709 879 CZquBA
1727 689 1761 760 O

300 902 443 1000 aequale
476 904 517 977 L.
576 906 679 1002 Ergo
710 904 925 979 velocitates
956 904 1026 978 illae
1057 921 1144 978 sunt
1173 907 1221 979 ad
1253 907 1411 981 invicem
1439 908 1475 980 in
1502 905 1760 1003 subduplicata

399 1012 402 1019 '
466 1005 848 1101 CquAOxSP

299 1068 440 1143 ratione
864 1070 911 1143 ad
931 1070 965 1142 S
973 1070 1012 1142 Υ
1023 1071 1129 1168 quad.
1187 1070 1301 1146 Porro
1318 1098 1365 1145 ex
1383 1072 1519 1146 conicis
1537 1088 1594 1144 est
1615 1071 1693 1146 CO
1709 1071 1757 1144 ad

297 1243 383 1316 ΒΟ
400 1258 441 1316 ut
457 1244 496 1315 B
511 1245 545 1316 O
562 1130 627 1316 adq
635 1129 725 1330 Ic’g
743 1244 779 1317 82
797 1245 1000 1341 composite
1018 1243 1077 1318 vel
1095 1245 1243 1318 divisim
1261 1261 1302 1320 ut
1322 1247 1402 1320 CB
1418 1246 1465 1319 ad
1483 1247 1523 1318 B
1538 1247 1591 1320 Τ(
1642 1245 1757 1319 Unde

297 1357 358 1432 vel
384 1359 588 1433 dividendo
614 1357 673 1433 vel
698 1362 955 1456 componendo
973 1361 1015 1434 fit
1030 1363 1069 1434 B
1082 1361 1225 1436 O-vel
1236 1381 1267 1443 ÷
1280 1364 1358 1437 CO
1375 1364 1424 1437 ad
1442 1365 1481 1436 B
1496 1365 1530 1436 O
1548 1378 1588 1436 ut
1609 1362 1643 1435 C
1658 1362 1697 1435 T
1709 1362 1757 1435 ad

298 1540 875 1626 effluescecadaon
897 1542 1167 1633 enadad·
1187 1544 1348 1641 indeque
1371 1482 1449 1553 CF
1460 1481 1574 1577 Μ
1592 1481 1757 1553 ΜΡ

1491 1603 1531 1674 A
1548 1603 1582 1675 C
1587 1602 1626 1674 B

574 1700 975 1896 SQZZAZZSP·
1037 1764 1229 1838 Minuatur
1248 1766 1326 1863 jam
1354 1766 1390 1838 in
1418 1765 1599 1838 infinitum
1626 1714 1754 1861 figurae

295 1939 435 2012 RPB
458 1937 613 2013 latitudo
642 1940 676 2013 C
684 1940 731 2026 P,
759 1940 811 2013 sic
836 1955 878 2011 ut
903 1955 1080 2035 punctum
1107 1941 1145 2012 P
1169 1957 1275 2015 coeat
1300 1966 1384 2014 cum
1411 1956 1549 2037 puncto
1573 1940 1612 2026 C,
1639 1964 1753 2035 punc-

296 2072 450 2152 tumque
478 2059 512 2130 S
534 2083 617 2131 cum
644 2074 782 2153 puncto
807 2058 854 2142 B,
875 2056 911 2129 &
929 2055 1025 2130 linea
1051 2059 1085 2130 S
1091 2059 1130 2131 P
1155 2085 1237 2132 cum
1256 2057 1353 2132 linea
1368 2059 1407 2131 B
1423 2059 1463 2144 C,
1482 2057 1653 2154 lineaque
1671 2056 1705 2129 S
1722 2057 1762 2129 Υ

296 2199 380 2247 cum
411 2173 507 2248 linea
537 2175 647 2265 BQ,·
678 2175 715 2247 8t
746 2174 908 2269 corporis
933 2174 1012 2271 jam
1044 2188 1144 2245 recta
1178 2171 1437 2247 descendentis
1473 2175 1509 2246 in
1543 2170 1641 2245 linea
1673 2172 1756 2245 CB

294 2288 471 2364 velocitas
490 2291 554 2365 fiet
571 2292 618 2364 ad
633 2290 866 2365 velocitatem
885 2291 1047 2386 corporis
1065 2306 1192 2363 centro
1208 2290 1248 2361 B
1265 2288 1457 2364 intervallo
1477 2290 1516 2362 B
1533 2289 1567 2362 C
1580 2285 1753 2361 circulum

295 2473 546 2560 describentis
567 2475 603 2547 in
622 2414 878 2570 subdunlicata
896 2473 1037 2547 ratione
1055 2473 1170 2569 ipsius
1188 2408 1227 2479 B
1239 2409 1305 2601 QZ
1317 2408 1395 2602 ,ἐξ
1403 2407 1558 2601 Ξχέςρ
1574 2469 1622 2542 ad
1641 2468 1675 2541 S
1689 2468 1729 2540 Υ
1731 2495 1755 2565 q

296 2650 367 2724 hoc
384 2665 443 2723 est
464 2649 655 2749 (neglectis
673 2649 894 2748 aequalitatis
914 2647 1115 2721 rationibus
1142 2647 1176 2719 S
1177 2647 1216 2718 P
1232 2646 1279 2719 ad
1297 2646 1378 2718 BC
1391 2645 1428 2717 8t
1444 2645 1552 2741 BQq
1569 2644 1616 2717 ad
1636 2643 1670 2716 S
1677 2645 1716 2716 Υ
1714 2641 1751 2741 q)

298 2766 333 2838 in
353 2765 610 2862 subduplicata
628 2768 769 2842 ratione
787 2768 828 2839 A
846 2766 940 2839 Cad
958 2766 998 2837 A
1018 2765 1052 2837 O
1070 2764 1149 2836 sive
1167 2764 1188 2842 ὲ
1205 2765 1245 2836 Α
1259 2765 1306 2837 B.
1363 2763 1407 2853 Q.
1423 2763 1471 2834 E.
1488 2763 1538 2837 D.

367 2885 484 2956 Corol.
511 2909 537 2958 1.
569 2885 717 2957 Punctis
735 2885 774 2957 B
792 2884 828 2957 8z
847 2886 881 2957 S
895 2882 1121 2967 coeuntibus,
1138 2880 1178 2954 fit
1199 2882 1273 2953 TC
1282 2881 1330 2953 ad
1355 2880 1394 2953 Τ
1392 2880 1426 2952 S
1440 2895 1482 2952 ut
1498 2880 1538 2951 A
1550 2878 1585 2952 C
1594 2878 1642 2951 ad
1655 2879 1696 2951 A
1708 2879 1750 2951 O.

365 3001 484 3074 Corol.
508 3025 539 3074 2.
570 3002 715 3097 Corpus
741 3001 789 3074 ad
816 3001 941 3073 datam
968 3025 991 3071 a
1015 3014 1142 3072 centro
1169 2998 1381 3070 distantiam
1409 2997 1446 3068 in
1468 2994 1603 3070 circulo
1620 2995 1754 3092 quovis

296 3115 504 3202 revolvens,
540 3134 643 3199 motu
678 3144 746 3192 suo
781 3142 926 3191 sursum
962 3141 1073 3190 verso
1112 3115 1289 3189 ascendet
1322 3114 1369 3187 ad
1405 3111 1556 3210 duplam
1592 3137 1696 3186 suam
1732 3138 1754 3184 a

293 3248 422 3307 centro
439 3233 661 3307 distantiam.

297 1761 440 1858 aequaie
479 1778 537 1836 est

455 3494 828 3568 PRO-POSITIO
875 3492 1097 3568 XXXIV.
1152 3490 1510 3565 THEOREMA
1558 3491 1612 3564 X.

294 3691 345 3763 Si
356 3689 494 3787 figura
516 3692 647 3764 BED
665 3693 847 3788 parabola
871 3703 930 3782 est,
949 3694 1026 3765 dieo

343 3827 443 3922 quod
471 3827 632 3922 corporis
669 3827 826 3900 cadentes
863 3827 1027 3901 velocitas

344 3962 385 4033 in
412 3962 483 4034 loco
505 3962 630 4057 quovis
649 3962 680 4035 C
701 3962 853 4057 equales
868 3972 920 4035 esl
936 3964 1024 4035 velo-

343 4095 452 4167 citati
465 4121 538 4191 qua
555 4104 684 4191 cerpus
695 4105 814 4167 centro
831 4095 860 4167 B
874 4096 1026 4169 de'me'dee
1056 4068 1077 4118 ⁰

346 4227 541 4302 intervalli
562 4229 625 4303 sui
650 4229 725 4302 BC
746 4230 924 4303 circulum
942 4232 1024 4303 uni-

330 4361 517 4458 formiter
530 4364 722 4436 describere
728 4374 856 4461 potest.

362 4544 464 4617 Nam
482 4549 644 4644 corporis
662 4546 874 4645 parabolam
893 4550 933 4621 R
942 4549 1029 4622 PB

290 4663 389 4736 circa
406 4676 573 4736 centmm
592 4664 626 4736 S
636 4664 877 4738 describentis
891 4662 1026 4739 voloci-
1063 4727 1082 4779 s

290 4795 349 4850 tas
368 4779 406 4851 in
424 4776 506 4852 loco
524 4780 655 4876 quovis
674 4782 712 4852 P
739 4779 820 4878 (per
836 4780 943 4855 corol.
962 4805 1024 4854 vn.
