4110 5782
745 406 886 466 trata
911 407 1111 467 TERTIUS.
1580 432 1652 502 423

264 583 361 656 Sunt
387 583 499 656 etiam
526 575 610 656 'aliae
629 583 802 679 quaedam
833 611 855 656 a
885 585 1067 680 prioribus
1095 587 1317 659 astronomis
1345 612 1418 660 non
1445 585 1653 661 observatae

196 697 473 795 inaequalitates,
494 700 627 796 quibus
655 715 776 772 motus
803 698 949 774 lunares
967 700 1063 774 adeo
1085 702 1355 795 perturbantur,
1375 718 1415 775 ut
1443 701 1543 775 nulla
1569 703 1652 777 hac-

195 831 302 888 tenus
320 813 403 913 lege
420 817 468 888 ad
496 815 660 914 regulam
679 818 840 914 aliquam
859 834 996 891 certam
1023 818 1147 891 reduci
1174 819 1369 914 potuerint.
1426 816 1653 893 Velocitates

195 932 293 1003 enim
328 959 393 1006 seu
431 951 552 1006 motus
595 933 729 1006 horarii
764 936 909 1032 apogaei
950 935 985 1007 &
1025 936 1206 1008 nodorum
1241 933 1339 1008 lunae
1374 934 1411 1008 81
1445 936 1652 1009 eorundem

192 1050 430 1144 aequationes,
450 1066 491 1123 ut
517 1050 786 1124 &differentia
813 1052 907 1124 inter
924 1051 1233 1124 eccentricitatcm
1261 1045 1459 1124 maximam
1481 1052 1517 1123 in
1544 1077 1650 1148 syzy-

190 1165 261 1260 giis
289 1166 325 1238 &
352 1167 541 1239 minimam
570 1169 605 1239 in
633 1166 875 1263 quadraturis,
895 1167 931 1240 81
964 1165 1194 1264 inaequalitas
1220 1192 1305 1262 quae
1334 1168 1490 1241 variatio
1516 1169 1650 1242 dicitur

191 1299 375 1378 augentur
405 1310 447 1356 ac
481 1285 736 1358 diminuuntur
765 1286 954 1358 annuatim
993 1284 1074 1383 (per
1104 1281 1211 1358 corol.
1254 1306 1297 1373 14
1328 1309 1432 1379 prop.
1468 1285 1571 1383 val)
1614 1287 1651 1359 in

192 1402 373 1497 triplicata
403 1406 545 1478 ratione
575 1405 744 1477 diametri
775 1405 988 1499 apparentis
1006 1401 1144 1477 solaris.
1203 1402 1255 1474 Et
1284 1403 1439 1476 variatio
1470 1418 1651 1498 praeterea

191 1538 348 1618 augetur
365 1521 424 1594 vel
443 1522 658 1594 diminuitur
676 1522 711 1593 in
731 1520 916 1616 duplicata
934 1521 1075 1593 ratione
1093 1519 1271 1615 temporis
1296 1519 1390 1591 inter
1407 1519 1651 1615 quadraturas

191 1642 489 1736 quamproxime
510 1641 591 1737 (per
608 1639 715 1714 corol.
742 1665 754 1712 1
780 1640 815 1712 81
836 1664 854 1711 2
883 1640 966 1712 lem.
988 1667 1011 1710 x
1035 1638 1070 1711 81
1089 1637 1208 1720 corol.
1226 1642 1268 1709 16
1296 1662 1399 1732 prop.
1414 1637 1510 1708 'vat
1529 1635 1588 1709 lib.
1616 1636 1649 1732 1)

190 1758 256 1829 sed
284 1759 363 1831 haec
382 1758 611 1855 inaequalitas
639 1759 674 1830 in
703 1756 841 1838 calculo
859 1756 1106 1830 astronomico
1123 1754 1171 1827 ad
1190 1752 1526 1849 prosthaphaeresin
1553 1753 1649 1828 lunae

192 1874 315 1947 referri
334 1875 436 1960 solet,
457 1877 494 1948 8ι
512 1900 594 1948 cum
613 1900 657 1947 ea
676 1875 860 1947 conlundi.

353 2153 724 2227 PROPOSITIO
777 2152 960 2224 XXIII.
1045 2147 1379 2223 PROBLEMA
1430 2149 1479 2221 V.

204 2353 346 2451 Motus·
367 2354 559 2448 zizoequales
593 2353 794 2424 satellitum
817 2351 919 2447 jovis
947 2352 995 2429 ὅθ’
1019 2349 1172 2422 saturni
1202 2374 1226 2418 a
1256 2346 1409 2419 molibus
1438 2348 1636 2421 lunaribus

827 2485 1001 2556 derivare.

257 2683 317 2755 Ex
345 2685 506 2757 motibus
537 2683 634 2757 lunae
662 2699 797 2756 nostrat
829 2697 951 2755 motus
977 2678 1123 2778 analogi
1155 2678 1323 2751 lunarum
1351 2706 1416 2754 seu
1446 2680 1644 2754 satellitum

146 2795 150 2799 ’
180 2800 280 2894 jovis
298 2802 350 2874 sic
368 2802 591 2875 derivantur.
649 2801 776 2873 Motus
791 2798 934 2871 medius
953 2797 1134 2870 nodorum
1152 2798 1319 2872 satellitis
1336 2799 1464 2873 extimi
1485 2799 1644 2898 jovialis

186 2918 308 2990 estad
327 2935 469 2991 motum
488 2919 651 2991 medium
671 2918 852 2990 nodorum
871 2915 968 2988 lunae
988 2930 1124 2988 nostrae
1152 2915 1188 2988 in
1215 2917 1355 2991 ratione
1373 2918 1579 3013 composita
1596 2943 1643 2990 ex

186 3037 325 3111 ratione
360 3038 546 3134 duplicata
582 3037 758 3133 temporis
794 3034 969 3131 periodici
1002 3051 1108 3107 terrae
1139 3037 1234 3123 circa
1265 3036 1380 3110 solem
1412 3036 1459 3110 ad
1495 3053 1642 3131 tempus

186 3156 412 3249 periodicum
439 3157 539 3253 jovis
565 3156 660 3228 circa
694 3152 811 3227 solem
839 3151 875 3225 81
907 3152 1048 3225 ratione
1076 3152 1232 3248 simplici
1260 3155 1436 3249 temporis
1463 3153 1640 3249 periodici

184 3272 350 3346 satellitis
377 3275 472 3346 circa
492 3274 621 3371 jovem
648 3272 695 3345 ad
723 3287 870 3365 tempus
888 3270 1116 3365 periodicum
1144 3268 1242 3344 lunae
1270 3271 1365 3344 circa
1395 3287 1530 3344 terram
1561 3270 1643 3368 (per

183 3392 291 3465 corol.
319 3398 362 3465 16
389 3418 491 3487 prop.
513 3415 600 3464 var
628 3390 688 3464 lib.
716 3390 747 3487 ι)
769 3390 928 3484 ideoque
953 3390 1060 3461 annis
1087 3405 1233 3463 centum
1252 3390 1399 3463 conficit
1426 3389 1544 3463 nodus
1572 3390 1641 3465 iste

184 3512 238 3579 8⁸¹·
260 3511 319 3600 24'
338 3511 373 3581 in
401 3509 668 3582 antecedentia.
725 3507 853 3578 Motus
873 3506 982 3577 medii
1011 3505 1191 3578 nodorum
1210 3506 1407 3579 satellitum
1427 3507 1645 3578 interiorum

183 3625 331 3697 suntad
350 3642 491 3698 motum
511 3625 620 3722 hujus
647 3640 688 3695 ut
706 3620 850 3695 illorum
878 3638 1046 3717 tempora
1071 3623 1257 3717 periodica
1283 3624 1330 3695 ad
1356 3639 1502 3718 tempus
1521 3625 1638 3718 perio-

182 3740 306 3812 dicum
332 3741 440 3838 hujus
470 3743 550 3835 (per
579 3741 677 3812 idem
706 3738 949 3835 corollarium)
984 3739 1019 3811 8ι
1046 3739 1132 3813 inde
1159 3740 1301 3811 dantur.
1359 3739 1487 3812 Motus
1513 3755 1637 3812 autem

181 3856 287 3952 augis
322 3855 488 3929 satellitis
524 3857 701 3953 cujusque
738 3856 773 3926 in
809 3855 1073 3950 consequentia
1107 3871 1165 3927 est
1199 3856 1246 3927 ad
1282 3871 1423 3928 motum
1456 3856 1635 3929 nodorum

183 3972 297 4065 ipsius
317 3972 351 4042 in
371 3970 628 4044 antecedentia
654 3988 695 4043 ut
713 3986 834 4044 motus
852 3973 997 4069 apogaei
1016 3969 1113 4044 lunae
1133 3989 1266 4046 nostrae
1291 3973 1339 4046 ad
1367 3973 1474 4070 hujus
1494 3990 1634 4047 motum

182 4089 363 4161 nodorum
397 4088 478 4187 (per
508 4091 605 4162 idem
637 4087 760 4186 corol.)
801 4088 836 4160 8c
868 4088 953 4161 inde
984 4088 1101 4161 datur.
1170 4088 1335 4162 Diminui
1368 4107 1491 4162 tamen
1523 4091 1636 4163 debet

183 4222 304 4278 motus
330 4207 436 4304 augis
463 4208 514 4279 sic
542 4208 715 4280 inventus
742 4205 777 4277 in
807 4206 947 4279 ratione
977 4227 995 4298 5
1024 4206 1072 4278 ad
1105 4231 1127 4298 9
1152 4205 1211 4278 vel
1248 4232 1260 4278 1
1292 4207 1339 4278 ad
1369 4231 1387 4278 2
1418 4207 1562 4280 circiter
1586 4207 1635 4280 ob

181 4349 328 4395 causam
349 4350 459 4419 quam
487 4324 545 4396 hic
563 4348 750 4419 exponere
770 4347 843 4394 non
870 4337 986 4394 vacat.
1043 4321 1292 4418 AEquationes
1322 4325 1492 4397 maximae
1522 4324 1635 4397 nodo-

176 4466 261 4512 rum
293 4440 329 4512 ἃ
359 4442 464 4537 augis
493 4439 658 4513 satellitis
689 4441 867 4536 cujusque
894 4438 972 4512 sere
1002 4456 1088 4512 sunt
1118 4440 1166 4512 ad
1195 4441 1424 4535 aequationes
1455 4441 1634 4513 maximas

182 4557 362 4631 nodorum
381 4557 417 4629 a
435 4557 540 4654 augis
559 4556 655 4629 lunae
675 4557 880 4652 respective
906 4572 947 4628 ut
974 4571 1098 4629 motus
1127 4555 1309 4628 nodorum
1341 4557 1376 4629 8c
1402 4557 1508 4654 augis
1526 4556 1634 4629 satel-

180 4674 283 4745 litum
319 4690 486 4769 tempore
520 4674 628 4746 unius
663 4671 902 4747 revolutionis
937 4673 1186 4769 aquationum
1223 4673 1383 4770 priorum
1428 4673 1475 4745 ad
1511 4689 1633 4747 motus

181 4793 360 4865 nodorum
397 4793 431 4865 ἃ
467 4794 611 4889 apogaei
647 4792 743 4866 lunae
773 4809 939 4888 tempore
975 4793 1081 4864 unius
1113 4793 1352 4865 revolutionis
1383 4794 1632 4889 aequationum
