4088 5768
873 405 1014 464 LIBER
1037 404 1237 464 TERTIUS.
1685 422 1753 493 471

301 585 545 682 conjunctim;
573 589 611 662 id
639 604 705 674 est,
724 603 766 660 ut
795 591 927 680 39,788
955 588 1004 660 ad
1041 613 1053 660 1
1088 586 1124 660 &
1159 612 1229 661 100
1256 587 1304 660 ad
1337 593 1406 680 365
1440 588 1673 685 conjunctim,
1692 612 1759 660 seu

306 705 395 774 1081
418 707 466 777 ad
491 732 567 782 100.
624 707 739 780 Unde
757 732 840 779 cum
859 732 960 779 mare
978 722 1145 780 nostrum
1171 708 1208 779 vi
1235 705 1332 779 lunae
1351 705 1539 780 attollatur
1565 707 1614 779 ad
1642 707 1759 803 pedes

300 816 353 904 82,
374 820 526 896 fluidum
545 824 673 899 lunare
691 826 728 898 vi
757 842 863 897 terrae
889 824 1005 898 attolli
1032 826 1187 898 deberet
1211 827 1259 897 ad
1289 827 1404 920 pedes
1434 850 1490 919 93.
1548 826 1681 922 anue
1709 828 1758 901 de

298 959 409 1010 causa
436 941 553 1039 figura
581 943 677 1017 lunae
706 944 885 1038 sphaerois
914 960 1021 1029 esset,
1051 944 1154 1041 cujus
1183 944 1344 1015 maxima
1370 944 1551 1017 diameter
1577 945 1758 1040 producta
1820 1009 1823 1013 ,

298 1059 470 1134 transiret
495 1088 562 1159 per
587 1080 754 1137 centrum
782 1079 888 1136 terrae
919 1063 954 1135 &
982 1079 1173 1160 superaret
1200 1063 1401 1136 diametros
1432 1061 1755 1159 perpendiculares

297 1199 450 1250 excessu
469 1182 607 1276 pedum
632 1186 709 1256 186.
767 1180 899 1254 Talem
919 1182 1030 1279 igitur
1048 1180 1203 1279 figuram
1230 1179 1316 1253 luna
1334 1181 1490 1265 affectat,
1510 1205 1668 1276 eamque
1685 1180 1756 1253 sub

297 1299 400 1374 initio
419 1303 571 1377 induere
590 1304 726 1377 debuit.
783 1303 827 1392 Q.
847 1303 945 1376 EI.

366 1419 484 1494 Caral.
518 1422 611 1495 lnde
629 1447 719 1495 vero
738 1420 779 1492 fit
796 1435 837 1492 ut
854 1420 985 1492 eadem
1004 1443 1152 1516 semper
1168 1417 1265 1492 lunae
1284 1418 1394 1491 facies
1414 1418 1449 1489 in
1470 1434 1603 1489 terram
1621 1414 1753 1487 obver-

296 1548 404 1609 tatur.
472 1537 515 1609 ln
534 1536 607 1610 alio
625 1539 723 1610 enim
742 1537 813 1608 situ
842 1562 975 1633 corpus
1003 1534 1130 1609 lunare
1158 1537 1348 1632 quiescere
1367 1529 1440 1608 non
1459 1548 1591 1630 potest,
1610 1531 1677 1604 sed
1705 1530 1754 1602 ad

296 1656 393 1730 hunc
410 1658 521 1730 situm
540 1656 741 1731 oscillando
759 1683 907 1751 semper
925 1657 1065 1731 redibit.
1120 1656 1299 1728 Attamen
1325 1651 1580 1736 oscillationeS,
1599 1650 1648 1722 ob
1671 1673 1753 1745 par-

295 1773 450 1845 vitatem
478 1774 612 1846 virium
640 1775 869 1872 agitantium,
888 1791 1014 1847 essent
1041 1773 1152 1872 longe
1181 1774 1424 1846 tardissimae:
1452 1771 1547 1843 adeo
1573 1785 1614 1841 ut
1641 1767 1753 1839 facies

295 1886 365 1975 illa,
385 1914 469 1985 quae
488 1904 623 1963 terram
641 1917 789 1985 semper
805 1891 987 1987 respicere
1004 1892 1166 1978 deberet,
1186 1892 1304 1988 possit
1325 1888 1479 1962 alterum
1498 1887 1597 1960 orbis
1615 1883 1752 1956 lunaris

295 2006 507 2081 umbilicum
529 2007 591 2105 (ob
610 2009 790 2082 rationem
808 2009 844 2081 in
863 2035 966 2105 prop.
987 2032 1067 2083 xvn
1085 2008 1248 2107 allatam)
1273 2009 1464 2104 respicere,
1484 2029 1605 2101 neque
1626 2002 1750 2074 statim

294 2125 429 2199 abinde
448 2126 582 2200 retrahi
603 2124 639 2198 &
658 2127 693 2198 in
713 2141 848 2201 terram
866 2129 1041 2201 converti.

850 2509 1104 2582 LEMMA
1162 2511 1193 2582 l.

362 2773 411 2845 Si
436 2773 473 2847 A
492 2776 520 2847 Ρ
538 2775 611 2872 Ep
640 2784 779 2848 terram
809 2775 966 2872 designet
995 2776 1235 2872 uniformiter
1259 2776 1414 2860 derisam,
1441 2781 1628 2867 contraque
1655 2766 1686 2840 C
1703 2767 1751 2844 ὣ*

283 2909 385 3004 palis
413 2910 453 3000 P,
473 2935 497 3006 p
527 2913 575 2988 ὅ
599 2921 779 3008 aqrcatore
807 2910 892 2983 ΑΕ
921 2911 1138 2985 delineatam
1151 2945 1165 2998 ,·
1193 2915 1242 2991 ὢ*
1268 2913 1303 2985 si
1329 2921 1450 2984 centra
1478 2908 1509 2981 C
1539 2904 1644 2978 radio
1672 2900 1703 2973 C
1722 2898 1748 2970 P

290 3041 444 3114 describi
458 3043 693 3141 intelligatur
715 3045 858 3141 spirare
880 3046 1034 3142 Pape;
1052 3049 1102 3121 sit
1117 3059 1237 3121 aretem
1257 3047 1342 3141 QR
1352 3047 1524 3142 planam,
1543 3040 1605 3113 cai
1615 3047 1710 3110 recta
1727 3061 1750 3105 a

290 3188 411 3252 centra
426 3180 512 3253 solis
527 3180 581 3252 an'
592 3191 757 3254 centrum
775 3192 884 3254 terrea
898 3183 1006 3255 deceta
1025 3186 1245 3258 normaliter
1261 3182 1400 3256 insistit
1409 3212 1423 3266 ,·
1451 3180 1499 3256 ὣ*
1517 3186 1625 3249 terreo
1640 3173 1752 3246 totins

289 3315 477 3388 erteriom's
497 3316 560 3387 Pa
572 3340 596 3411 p
609 3315 644 3386 A
662 3316 723 3388 Pe
734 3340 759 3411 p
773 3316 818 3401 E,
836 3343 917 3413 qna
944 3319 1086 3414 sphera
1117 3319 1218 3393 moda
1245 3316 1420 3411 descrr'pta
1438 3312 1555 3384 altior
1577 3317 1636 3391 est,
1655 3315 1749 3401 par-

290 3447 412 3520 ticrclee
425 3450 583 3545 singula
597 3460 772 3522 carceratur
788 3452 940 3523 recedere
954 3453 1037 3525 la'ne
1061 3453 1146 3524 inde
1170 3479 1193 3524 a
1211 3452 1330 3547 pharao
1349 3449 1384 3540 Q
1403 3448 1447 3531 R,
1466 3445 1581 3539 sitque
1604 3449 1752 3513 coriatus

280 3582 482 3675 partiente
507 3583 678 3679 casiaque
706 3593 750 3656 at
782 3584 937 3679 cy'asdem
966 3586 1145 3658 distantia
1172 3612 1196 3657 a
1217 3585 1359 3680 plana:
1393 3581 1469 3652 deco
1488 3578 1626 3673 prieneo,
1655 3573 1754 3670 qaod

292 3721 367 3785 tata
384 3717 667 3808 particularum
697 3718 860 3791 artemam
891 3719 931 3791 in
966 3721 1161 3816 operatoris
1187 3719 1322 3792 circula
1348 3720 1385 3788 A
1401 3715 1446 3800 E,
1475 3722 1579 3786 extra
1599 3712 1748 3808 globum

290 3846 532 3947 aerciformiter
538 3858 613 3944 per
629 3860 744 3924 totam
761 3853 955 3926 circuitam
974 3856 1015 3927 in
1033 3881 1166 3927 crearem
1184 3854 1322 3926 artemii
1339 3851 1608 3947 dispositarum,
1628 3850 1683 3923 aas
1701 3851 1750 3926 ὣ*

289 3979 443 4075 efficacia
472 3982 525 4054 ael
549 3994 688 4057 terram
713 3988 850 4059 circam
876 4000 1040 4062 centrum
1066 3990 1144 4085 ejas
1171 3988 1366 4062 rotandum
1383 3989 1433 4061 sit
1448 3989 1501 4059 aet
1523 3998 1634 4059 tatem
1651 3996 1746 4082 par-

290 4114 490 4187 ticularum
509 4116 653 4190 totidem
679 4120 719 4192 in
745 4123 939 4217 aeneatoris
956 4131 1094 4217 porrecto
1118 4122 1165 4207 A,
1184 4122 1283 4217 qaod
1303 4148 1327 4193 a
1342 4123 1461 4217 plana
1480 4119 1516 4214 Q
1535 4120 1569 4191 R
1594 4123 1751 4194 conanime

288 4248 411 4335 dz'stet,
430 4253 697 4327 consistentiam
715 4256 789 4329 vim
809 4259 857 4334 ὅ
873 4256 1063 4351 efficaciam
1088 4258 1142 4329 ad
1163 4268 1301 4329 terram
1322 4258 1504 4331 caresimili
1518 4267 1616 4330 rnatu
1633 4258 1748 4331 circn-

290 4385 372 4457 lari
384 4386 521 4459 circum
538 4399 703 4462 contram
720 4391 797 4487 ejus
813 4392 1030 4479 irreventiam,
1050 4403 1094 4464 nt
1118 4417 1235 4465 cererem
1261 4392 1314 4465 ecl
1334 4393 1413 4465 daea.
1468 4393 1525 4464 Et
1550 4403 1667 4466 creatas
1685 4396 1751 4468 iste

288 4520 482 4594 circularis
506 4522 643 4594 circam
668 4550 779 4610 arcein,
802 4526 842 4599 in
867 4526 1052 4599 carremnni
1065 4527 1212 4599 sectione
1238 4526 1433 4622 aqreatoris
1452 4528 1501 4604 ἐπ’
1515 4528 1634 4623 pleni
1659 4527 1748 4622 QR

279 4654 468 4751 jacentem,
477 4664 689 4753 peragetur.
