4088 5768
848 457 990 517 ersus
1011 457 1197 519 PRIMUS.
1687 485 1755 552 129

291 677 424 751 corpus
458 649 568 739 aliud,
604 653 641 725 vi
676 649 800 748 aliqua
840 651 1012 728 uniformi
1054 655 1266 751 centripeta,
1301 654 1350 729 de
1390 652 1472 730 loco
1510 657 1550 728 P
1588 656 1757 733 cadendo

291 772 480 867 acquirere
500 785 628 866 posset
650 769 686 842 in
707 771 773 843 D:
798 770 920 866 sitque
948 770 1028 845 haec
1051 772 1108 844 vis
1132 771 1323 847 unisormis
1346 773 1395 846 ad
1420 773 1507 863 vim,
1527 797 1602 869 qua
1623 799 1756 870 corpus

291 889 449 984 primum
471 903 624 986 urgetur
641 886 677 959 in
703 889 798 973 l‚ut
822 887 917 959 DR
943 887 991 961 ad
1018 890 1116 962 DF.
1175 889 1310 988 Pergat
1330 906 1456 964 autem
1474 915 1608 986 corpus
1625 915 1756 963 versus

289 1006 339 1092 k,
376 1020 578 1100 centroque
608 1005 642 1077 C
664 1000 921 1077 &intervallo
949 1004 984 1076 C
990 1004 1016 1076 k
1040 1004 1270 1079 describatur
1294 1004 1449 1081 circulus
1478 1009 1532 1080 ke
1559 1033 1756 1082 occurrens

290 1137 400 1196 rectae
425 1123 515 1195 ΡΒ
541 1123 578 1195 in
603 1148 629 1208 e,
657 1121 694 1194 81
719 1122 909 1220 erigantur
933 1147 1128 1195 curvarum
1154 1124 1245 1196 BF
1244 1149 1283 1221 g,
1310 1125 1407 1211 obv,
1433 1151 1532 1198 oceo
1557 1124 1755 1198 ordinatim

289 1236 485 1336 applicatae
524 1264 583 1336 eg,
625 1265 682 1325 ev,
723 1265 794 1312 ew.
876 1238 939 1311 Ex
978 1238 1068 1313 dato
1106 1238 1321 1339 rectangulo
1358 1243 1554 1332 PDRQ,
1593 1242 1755 1338 dataque

289 1354 373 1453 lege
400 1356 457 1428 vis
483 1356 697 1452 centripetae
722 1379 797 1451 qua
826 1380 960 1453 corpus
989 1358 1149 1452 primum
1175 1358 1348 1455 agitatur,
1375 1357 1485 1431 datur
1514 1356 1627 1431 curva
1657 1357 1755 1433 linea

288 1475 380 1546 BF
376 1500 416 1571 g,
456 1499 524 1569 per
565 1473 875 1547 constructionem
916 1470 1157 1568 problematis
1200 1497 1317 1560 xxvu,
1362 1473 1398 1546 8c
1441 1473 1520 1572 ejus
1564 1473 1671 1550 corol.
1722 1500 1751 1549 1.

292 1592 443 1667 Deinde
460 1618 508 1665 ex
525 1591 613 1665 dato
631 1589 769 1689 angulo
799 1592 921 1664 CJK
942 1592 1052 1665 datur
1068 1593 1258 1689 proportio
1276 1591 1505 1665 nascentium
1531 1593 1561 1663 l
1567 1593 1619 1679 K,
1638 1593 1687 1665 K
1695 1593 1753 1679 N,

292 1710 329 1783 81
363 1709 459 1796 inde,
495 1735 562 1806 per
595 1708 905 1783 constructionem
940 1709 1043 1805 prob.
1077 1733 1209 1796 xxv111,
1240 1708 1351 1782 datur
1380 1709 1568 1806 quantitas
1599 1709 1647 1804 Q,
1680 1735 1755 1783 una

292 1851 376 1899 cum
411 1825 532 1899 curvis
567 1823 673 1898 lineis
704 1827 803 1911 obv,
838 1851 957 1899 new:
992 1825 1160 1921 ideoque,
1197 1824 1382 1922 completo
1416 1841 1584 1922 tempore
1619 1829 1754 1923 quovis

292 1944 432 2029 Dbue,
463 1942 574 2016 datur
603 1957 681 2014 tum
712 1942 876 2038 corporis
906 1940 1062 2018 altitudo
1096 1943 1130 2015 C
1138 1969 1157 2016 e
1185 1942 1244 2017 vel
1278 1944 1313 2016 C
1320 1944 1354 2029 k,
1383 1958 1461 2015 tum
1488 1969 1575 2017 area
1600 1946 1752 2031 Derbe,

290 2060 401 2156 eique
435 2056 587 2156 aequalis
621 2075 743 2133 sector
775 2060 822 2132 X
833 2060 906 2156 Cy,
941 2057 1174 2159 angulusque
1208 2062 1237 2133 l
1247 2062 1281 2134 C
1286 2062 1320 2145 k,
1357 2060 1393 2133 8c
1423 2059 1524 2134 locus
1553 2061 1579 2133 k
1611 2061 1647 2134 in
1679 2086 1754 2156 quo

292 2202 426 2273 corpus
445 2193 531 2251 tunc
548 2176 763 2250 versabitur.
818 2179 863 2268 Q.
876 2178 972 2253 ΕΙ.

360 2293 615 2390 Supponimus
649 2309 773 2368 autem
809 2295 847 2366 in
881 2294 939 2367 his
973 2293 1286 2391 propositionibus
1320 2293 1397 2366 vim
1432 2294 1673 2389 centripetam
1716 2294 1753 2367 in

291 2436 437 2484 recessu
465 2410 616 2506 quidem
642 2436 665 2483 a
685 2426 813 2485 centro
838 2412 971 2485 variari
993 2410 1196 2484 secundum
1214 2407 1335 2508 legem
1354 2436 1622 2507 quamcunque,
1642 2436 1753 2507 quam

290 2529 375 2626 quis
403 2528 594 2627 imaginari
626 2543 757 2625 potest,
790 2528 827 2600 in
858 2526 1063 2625 aequalibus
1092 2543 1217 2600 autem
1248 2553 1270 2600 a
1300 2543 1427 2602 centro
1457 2528 1641 2603 distantiis
1670 2555 1754 2602 esse

289 2646 456 2743 undique
489 2646 657 2720 eandem.
739 2646 869 2742 Atque
903 2647 1081 2720 hactenus
1121 2661 1263 2719 motum
1301 2669 1496 2740 corporum
1532 2646 1569 2718 in
1604 2647 1754 2719 orbibus

292 2762 542 2838 immobilibus
568 2763 894 2839 consideravimus,
961 2764 1142 2859 Superest
1167 2777 1208 2834 ut
1235 2762 1282 2834 de
1309 2776 1411 2834 motu
1439 2787 1566 2835 eorum
1594 2763 1630 2835 in
1657 2763 1753 2837 orbi-

294 2882 374 2968 bus,
394 2881 457 2978 qui
475 2881 571 2955 circa
587 2897 753 2955 centrum
772 2881 905 2954 virium
924 2877 1176 2965 revolvuntur,
1195 2878 1411 2978 adjiciamus
1429 2906 1555 2976 pauca.

825 3143 1079 3218 SECTIO
1126 3142 1212 3216 IX.

357 3327 418 3399 De
440 3335 540 3399 motu
565 3334 758 3421 corporum
784 3323 825 3395 e'n
850 3322 995 3396 orbibus
1019 3322 1216 3407 mobilibus,
1244 3321 1352 3418 deque
1376 3331 1475 3395 motu
1501 3323 1679 3419 opse‘o'um.

433 3572 807 3649 PROPOSITIO
845 3571 1023 3646 XLIII.
1097 3570 1432 3644 PROBLEMA
1472 3571 1622 3647 XXX.

292 3745 540 3843 Effieeendum
572 3755 623 3820 est
655 3755 700 3819 ut
731 3753 861 3840 corpus
894 3743 935 3815 in
959 3740 1180 3838 ‘trajectoen'o
1212 3766 1424 3838 quacunque
1455 3743 1552 3815 ce'rcu
1589 3750 1754 3815 centrum

342 3864 483 3938 ue'en'um
518 3865 714 3937 revolvente
736 3862 894 3959 perinde
928 3861 1065 3935 moveri
1093 3861 1219 3957 possit,
1255 3870 1363 3957 atque
1398 3868 1528 3955 corpus
1566 3860 1677 3933 otenel
1714 3861 1755 3933 e‘n

343 3981 463 4055 eadem
488 3983 698 4079 trajectorio
723 3980 922 4078 quiescente.

363 4164 408 4236 ln
435 4163 525 4240 orbe
560 4162 599 4236 V
603 4162 700 4234 PK
716 4160 900 4256 positione
920 4158 1010 4233 dato
1028 4155 1240 4232 revolvatur
1256 4181 1389 4252 corpus
1406 4157 1445 4228 P
1460 4155 1653 4253 pergendo
1670 4181 1693 4228 a
1720 4156 1758 4228 V

291 4306 424 4354 versus
441 4281 494 4355 K.
548 4279 585 4352 A
613 4294 740 4354 centro
769 4278 803 4350 C
825 4290 958 4374 agatur
983 4300 1131 4370 semper
1160 4276 1194 4348 C
1190 4283 1232 4371 p,
1252 4297 1337 4371 quae
1363 4271 1411 4345 sit
1437 4272 1507 4368 ipsi
1533 4272 1567 4344 C
1572 4273 1611 4344 P
1630 4297 1753 4368 aequa-

291 4396 346 4484 lis,
374 4396 626 4496 angulumque
662 4397 700 4469 V
711 4397 745 4469 C
741 4404 774 4492 p
797 4390 936 4491 angulo
971 4392 1009 4466 V
1019 4392 1054 4464 C
1062 4393 1100 4464 P
1129 4386 1441 4487 proportionalem
1469 4390 1691 4478 constituat;
1719 4390 1755 4463 8c

290 4538 388 4599 area,
415 4538 528 4610 quam
554 4512 651 4588 linea
679 4513 714 4586 C
711 4522 743 4610 p
768 4510 952 4600 describit,
973 4510 1042 4583 erit
1058 4509 1106 4582 ad
1124 4534 1250 4582 aream
1277 4508 1316 4582 V
1324 4509 1359 4581 C
1364 4508 1410 4593 P,
1430 4533 1542 4604 quam
1560 4507 1658 4582 linea
1678 4509 1713 4581 C
1717 4510 1756 4581 P

291 4627 402 4703 simul
433 4628 616 4715 describit,
648 4644 690 4701 ut
718 4627 896 4703 velocitas
926 4625 1034 4700 lineae
1064 4625 1306 4699 describentis
1344 4625 1378 4697 C
1378 4633 1410 4721 p
1441 4625 1488 4697 ad
1521 4622 1754 4700 velocitatem

290 4745 402 4820 lineae
419 4746 660 4820 describentis
681 4746 715 4821 C
721 4748 760 4819 P
772 4778 787 4832 ,·
803 4746 874 4819 hoc
891 4759 958 4831 est,
977 4758 1019 4817 ut
1034 4741 1193 4841 angulus
1220 4743 1258 4815 V
1266 4742 1300 4817 C
1297 4751 1330 4839 p
1347 4742 1396 4815 ad
1415 4740 1592 4842 angulum
1619 4744 1658 4815 V
1665 4744 1700 4816 C
1705 4744 1754 4834 P,

294 4865 455 4960 ideoque
487 4864 523 4935 in
550 4863 638 4936 data
666 4864 816 4949 ratione,
845 4863 1098 4958 &propterea
1121 4861 1277 4956 tempori
1304 4859 1595 4957 proportionalis.
1659 4859 1756 4934 Cum

1024 4985 1037 5032 Ι
1575 4981 1578 4986 ,
