4088 5768
794 344 948 405 INDEX
968 343 1144 405 RERUM.

222 563 378 622 corporum
393 541 668 620 circumgyrantium
688 540 719 601 in
733 539 839 602 mediis
853 538 934 601 resis-

264 625 393 684 tentibus
409 627 451 697 ll,
467 636 536 683 sect
554 644 581 696 4.

222 724 380 783 corporum
396 706 661 780 funependulorum
684 701 713 761 in
735 700 841 762 mediis
854 700 936 762 resis-

266 785 396 845 tentibus
412 787 453 858 ΙΙ,
470 796 539 844 sect.
557 787 583 843 6.

183 867 328 926 Motus&
343 865 507 926 resistentia
520 866 676 925 fluidorum
692 866 735 936 ΙΙ,
750 873 819 922 sect.
838 880 863 936 7.

183 948 287 1006 Motus
302 966 355 1023 per
368 947 459 1005 fluida
472 958 651 1023 propagatus
667 946 710 1017 ΙΙ,
726 955 795 1004 sect.
813 946 839 1002 8.

182 1028 286 1087 Motus
308 1026 455 1086 circularis
473 1047 526 1086 seu
541 1026 705 1086 vorticosus
720 1024 876 1084 fluidorum
892 1023 934 1093 ΙΙ,

264 1119 334 1167 sect.
353 1128 379 1182 9.

184 1188 317 1247 Mundus
339 1187 482 1264 originem
506 1187 680 1247 nonhabet
703 1205 739 1245 ex
760 1181 855 1243 causis
878 1201 937 1241 me·

264 1268 394 1327 chanicis
409 1289 437 1345 p.
455 1286 522 1344 527,
537 1284 583 1343 25.

551 1481 579 1537 N

183 1584 312 1646 Navium
335 1581 547 1643 constructioni
568 1578 732 1658 propositio
748 1598 811 1639 non
828 1577 939 1638 inutilis

265 1683 334 1740 324,
354 1684 397 1722 ro.

552 1823 579 1882 O

185 1925 359 2005 Opticarum
379 1925 508 1987 ovalium
529 1925 671 1999 inventio,
687 1945 775 2002 quam
795 1927 941 1985 Cartesius

265 2010 412 2067 celaverat
433 2010 458 2081 I,
482 2026 527 2082 97.
575 2008 738 2066 Cartcsiani
749 2006 940 2084 problematis

266 2088 430 2165 generalior
443 2088 551 2147 solutio
567 2089 591 2160 I,
608 2090 654 2164 98.

185 2168 354 2232 Orbitarum
369 2168 501 2228 inventio

226 2269 299 2326 quas
314 2269 438 2326 corpora
452 2248 621 2308 describunt
628 2271 636 2321 3
651 2249 688 2308 de
702 2249 771 2308 loco
785 2248 856 2307 dato
870 2247 941 2306 data

268 2349 336 2389 cum
351 2329 516 2400 velocitate,
533 2330 697 2388 secundum
713 2329 815 2388 datum
829 2339 940 2387 rectam

266 2429 400 2486 egressa3
420 2409 472 2468 ubi
486 2409 530 2468 vis
545 2409 708 2485 centripeta
722 2421 768 2468 est
789 2408 939 2484 reciproce

263 2501 296 2548 ut
311 2491 485 2565 quadratum
502 2489 649 2549 distantiae
660 2490 743 2549 &vis
758 2489 835 2548 illius
850 2507 939 2563 quan·

265 2569 332 2629 titas
347 2572 483 2630 absoluta
497 2569 685 2646 cognoscitur
701 2573 725 2640 Ι,
741 2587 785 2644 17.

224 2670 298 2727 quas
321 2670 445 2727 corpora
467 2650 646 2721 describunt,
667 2650 718 2708 ubi
739 2650 814 2708 vires
837 2647 940 2707 centri·

265 2742 343 2807 petae
359 2743 427 2790 sunt
441 2730 591 2807 reciproce
605 2743 638 2789 ut
652 2729 721 2789 cubi
736 2728 940 2789 distantiarum

267 2828 315 2887 52,
330 2813 397 2870 ult:
415 2829 480 2885 127,
498 2830 553 2868 22:
579 2827 643 2886 135,
663 2830 707 2882 14.

226 2910 301 2968 quas
320 2910 445 2967 corpora
465 2890 576 2949 nribus
591 2891 816 2966 quibuscunque
837 2887 941 2949 centri-

265 2970 342 3049 petis
356 2971 465 3048 agitata
479 2970 650 3030 describunt
666 2973 690 3044 Ι,
706 2981 776 3030 sect
793 2972 819 3029 8.

552 3159 576 3216 P

184 3264 341 3338 Parabola,
364 3284 423 3342 qua
445 3265 509 3342 lege
531 3262 575 3323 vis
599 3263 769 3342 centripetae
793 3262 942 3325 tendentis

266 3346 305 3404 ad
330 3344 502 3406 umbilicum
527 3347 627 3423 figurae
648 3345 821 3406 describitur
841 3364 860 3404 a
881 3364 943 3404 cor·

268 3445 340 3502 pore
354 3428 524 3487 revolvente
540 3429 564 3498 l,
583 3446 628 3501 13.

188 3506 389 3566 Pendulorum
411 3507 583 3567 affectiones
598 3505 781 3582 explicantur
795 3506 820 3577 1,
834 3522 880 3580 50,
895 3521 941 3580 51,

271 3602 317 3662 52,
336 3603 394 3663 53:
418 3589 460 3660 ΙΙ,
476 3599 546 3646 sect.
564 3588 589 3644 6.

189 3666 390 3726 Pendulorum
418 3665 640 3741 isochrouorum
674 3662 872 3740 longitudines
903 3661 944 3722 di·

268 3764 360 3805 versae
383 3744 414 3803 in
438 3744 560 3804 diversis
585 3746 717 3802 locorum
741 3741 944 3802 latitudinibus

270 3823 346 3884 inter
368 3844 400 3884 se
423 3826 621 3894 conseruntur,
647 3834 709 3882 turn
734 3840 786 3899 per
809 3823 946 3881 observa-

271 3905 376 3978 tiones,
398 3915 461 3964 tum
480 3924 533 3982 per
550 3903 694 3963 theoriam
712 3900 861 3980 gravitatis
883 3905 944 3975 ΙΙΙ,

273 4005 317 4043 20.

190 4063 424 4142 Philosophandi
438 4064 545 4141 regulae
559 4084 587 4142 p.
605 4067 672 4141 387.

191 4148 321 4205 Planetae

229 4245 293 4286 non
308 4226 478 4285 deseruntur
497 4243 516 4283 a
536 4224 697 4285 vorticibus
711 4223 860 4301 corporeis
876 4227 943 4302 382,

271 4326 324 4396 ³¹²
346 4307 414 4381 384,
432 4325 488 4365 22:
510 4308 577 4382 526,
594 4325 641 4381 32.

233 4385 366 4445 Prrmarii

272 4466 365 4525 solem
380 4465 501 4543 cingunt
517 4486 584 4541 392,
603 4485 648 4525 22.

271 4557 428 4606 nroventur
441 4546 471 4605 in
483 4546 635 4624 ellipsibus
649 4544 823 4605 umbilicum
836 4547 946 4606 haben·

312 4625 390 4686 tibus
404 4626 435 4685 in
449 4639 552 4688 centro
566 4625 637 4686 solis
653 4629 713 4697 lll,
729 4646 773 4701 13.

272 4705 361 4767 radiis
380 4707 420 4766 ad
443 4710 537 4768 solem
558 4706 654 4767 ductis
673 4707 844 4767 describunt
864 4726 946 4767 areas

312 4786 494 4927 tIeIrpporibus
527 4787 765 4866 proportionales
799 4807 867 4864 394,
912 4807 946 4847 2:

368 4888 407 4942 ,2
413 4888 440 4943 3.

1676 365 1745 438 535

1073 537 1256 615 temporibus
1279 536 1437 616 periodicis
1461 540 1659 612 revolvuntur,
1680 560 1748 618 quae

1114 629 1183 678 sunt
1209 618 1240 677 in
1268 619 1476 697 sesquiplicata
1499 619 1613 680 ratione
1637 619 1747 680 distan-

1114 698 1219 758 tiarum
1234 719 1252 757 a
1267 702 1406 776 sole392,
1424 720 1459 759 2:
1482 702 1542 774 III,
1556 720 1590 775 13
1606 703 1634 761 82
1649 702 1674 773 Ι,
1690 718 1734 778 25.

1073 778 1235 839 retinentur
1253 779 1283 839 in
1298 780 1420 839 orbibus
1440 779 1500 840 suis
1514 800 1533 839 a
1545 780 1575 840 vi
1587 779 1746 857 gravitatis,

1114 879 1181 935 quae
1195 859 1314 936 respicit
1334 861 1436 933 solem,
1451 864 1479 920 &
1494 872 1539 921 est
1552 860 1702 939 reciproce
1715 872 1749 921 ut

1114 941 1291 1015 quadratum
1312 939 1461 1001 distantiae
1480 944 1519 1001 ab
1540 941 1631 1020 ipsius
1645 952 1748 1002 centro

1116 1022 1177 1092 III,
1196 1041 1221 1093 2,
1236 1037 1262 1097 5.

1034 1101 1206 1160 Secundarii

1075 1192 1231 1240 moventur
1245 1180 1276 1240 in
1290 1179 1441 1258 ellipsibus
1452 1180 1624 1241 umbilicum
1638 1183 1748 1242 haben-

1116 1261 1194 1321 tibus
1208 1261 1239 1321 in
1254 1274 1355 1322 centro
1370 1261 1573 1339 primariomm
1588 1264 1648 1333 III,
1666 1282 1711 1321 22.

1075 1341 1163 1400 radiis
1174 1343 1212 1401 ad
1227 1341 1380 1419 primarios
1391 1362 1460 1401 suos
1471 1341 1568 1401 ductis
1579 1341 1750 1402 describunt

1116 1441 1198 1481 areas
1220 1422 1400 1500 temporibus
1421 1422 1655 1500 proportionales
1679 1442 1748 1499 390,

1117 1521 1154 1577 3:
1175 1522 1242 1592 392,
1261 1523 1316 1575 24:
1336 1522 1405 1593 394,
1416 1523 1479 1593 ,14²
1501 1504 1561 1575 ΙΙΙ,
1580 1523 1625 1561 22.

1076 1585 1258 1658 temporibus
1282 1584 1439 1658 penodrcrs
1463 1585 1658 1655 revolvuntur,
1681 1601 1749 1659 quae

1117 1673 1185 1720 sunt
1206 1661 1236 1719 in
1251 1661 1459 1751 sesquiplicata
1472 1662 1586 1723 ratione
1600 1662 1749 1723 distantia·

1117 1760 1181 1799 rum
1196 1760 1214 1799 a
1228 1761 1370 1817 primams
1391 1761 1451 1800 stus
1465 1761 1534 1818 390,
1549 1763 1586 1818 3:
1608 1763 1676 1819 392,
1694 1763 1749 1816 24:

1119 1822 1178 1891 ΙΙΙ,
1197 1841 1242 1891 22,
1259 1824 1286 1880 dr
1303 1823 1326 1893 I,
1346 1838 1390 1896 15.

1077 1900 1238 1960 retinentur
1259 1901 1289 1959 in
1310 1902 1430 1961 orbibus
1444 1899 1504 1961 suis
1518 1921 1536 1959 a
1549 1900 1577 1960 vi
1592 1901 1750 1978 gravitatis,

1118 2000 1185 2057 quae
1199 1980 1318 2057 respicit
1331 1980 1492 2058 primarios,
1504 1985 1531 2042 &
1543 1994 1587 2041 est
1601 1981 1751 2060 reciproce

1117 2072 1150 2120 ut
1164 2063 1341 2138 quadratum
1355 2060 1501 2122 distantiae
1516 2063 1555 2123 ab
1570 2080 1671 2123 eorum
1685 2082 1752 2123 cen·

1119 2141 1169 2201 tris
1185 2144 1244 2215 ΙΙΙ,
1264 2161 1289 2215 2,
1302 2162 1373 2218 3,4,
1391 2159 1416 2218 5.

998 2223 1186 2281 Planetarum

1038 2313 1171 2378 tempora
1185 2301 1336 2379 periodica
1351 2322 1419 2378 393,
1439 2305 1483 2363 18.

1038 2381 1184 2442 distantiae
1198 2402 1217 2441 a
1230 2384 1293 2443 sole
1307 2403 1375 2459 393,
1393 2404 1438 2442 22.

1037 2462 1153 2522 orbium
1181 2463 1298 2540 aphelia
1325 2468 1353 2524 82
1380 2462 1453 2524 nodi
1477 2481 1571 2541 prope
1595 2462 1752 2540 quiescunt

1079 2545 1202 2615 111,14.

1038 2624 1125 2682 orbes
1140 2621 1371 2682 determinantur
1385 2625 1446 2697 ΙΙΙ,
1466 2640 1509 2700 25,
1530 2626 1573 2682 16.

1039 2704 1105 2762 loca
1120 2702 1150 2761 in
1164 2703 1285 2762 orbibus
1300 2703 1488 2763 inveniuntur
1503 2707 1528 2777 Ι,
1543 2724 1591 2779 31.

1039 2782 1169 2843 densitas
1191 2782 1289 2857 calori,
1306 2803 1395 2860 quem
1416 2804 1435 2844 a
1455 2785 1518 2845 sole
1538 2782 1691 2862 recipiunt,
1707 2804 1754 2845 ac·

1079 2865 1285 2923 commodatur
1299 2881 1367 2940 405,
1384 2884 1431 2940 33.

1038 2944 1248 3004 conversiones
1274 2944 1388 3005 diumae
1416 2957 1485 3005 sunt
1507 2944 1669 3023 aequabiles
1691 2948 1753 3019 ΙΙΙ,

1084 3042 1128 3100 17.

1039 3125 1110 3165 axes
1130 3116 1199 3166 sunt
1218 3104 1348 3166 minores
1369 3105 1528 3179 diametris,
1549 3126 1616 3183 quae
1634 3106 1672 3166 ad
1690 3125 1753 3167 eos-

1080 3189 1150 3246 dem
1164 3206 1234 3246 axes
1248 3187 1419 3248 normaliter
1432 3189 1580 3247 ducuntur
1594 3189 1654 3260 ΙΙΙ,
1673 3189 1718 3247 18.

1001 3268 1139 3327 Pondera
1153 3287 1310 3344 corpomm

1041 3347 1192 3407 interram
1208 3347 1255 3406 vel
1269 3349 1363 3406 solem
1378 3346 1424 3405 vel
1442 3345 1592 3422 planetam
1609 3343 1752 3421 quemvis,

1082 3426 1202 3503 paribus
1216 3425 1362 3484 distantiis
1380 3427 1418 3485 ab
1435 3445 1536 3484 eorum
1554 3422 1670 3499 centris,
1687 3437 1755 3487 sunt

1081 3515 1114 3563 ut
1145 3504 1324 3580 quantitates
1354 3503 1484 3565 materiae
1519 3504 1550 3563 in
1581 3505 1754 3583 corporibus

1083 3586 1144 3656 ΙΙΙ,
1160 3587 1186 3642 6.

1042 3683 1103 3724 non
1124 3664 1257 3740 pendent
1276 3666 1316 3724 ab
1337 3682 1439 3725 eorum
1459 3662 1560 3726 formis
1582 3667 1610 3726 &
1634 3663 1753 3726 texturis

1083 3763 1150 3816 402,
1167 3747 1194 3802 8.

1042 3823 1071 3884 in
1091 3823 1213 3884 diversis
1234 3835 1317 3884 terrae
1336 3823 1505 3902 regionibus
1525 3823 1754 3888 inveniuntur&

1083 3904 1159 3965 inter
1172 3924 1204 3965 se
1219 3916 1427 3983 comparantur
1441 3908 1503 3978 ΙΙΙ,
1521 3926 1567 3965 20.

1003 3984 1198 4046 Problematis

1042 4066 1211 4142 thlerioni
1233 4064 1341 4126 solutio
1365 4084 1418 4142 per
1441 4065 1626 4127 trochoidem
1650 4068 1678 4127 &
1702 4087 1756 4144 per

1083 4145 1354 4222 approximationes
1369 4148 1393 4219 l,
1410 4166 1456 4222 31.

1050 4227 1176 4286 Veterum
1191 4226 1230 4285 de
1244 4236 1370 4302 quatuor
1383 4225 1477 4300 lineis,
1492 4245 1511 4285 2
1526 4227 1628 4303 Pappa
1645 4246 1756 4288 memo·

1082 4303 1146 4378 rati,
1161 4325 1179 4365 2
1197 4307 1322 4366 canesio
1336 4325 1389 4383 per
1397 4308 1543 4366 calculum
1553 4307 1753 4385 algebraieutn

1083 4385 1195 4524 tentalti,
1211 4386 1390 4464 compositio
1407 4384 1588 4465 geometrica
1610 4404 1658 4463 77,
1674 4399 1755 4448 ante

1083 4478 1195 4544 penut

1003 4546 1179 4624 Projectilia,
1195 4546 1325 4624 seposita
1344 4546 1435 4607 medii
1456 4546 1628 4621 resistentia,
1643 4548 1756 4610 moveri

1083 4626 1115 4686 in
1148 4629 1290 4704 parabola
1319 4627 1466 4705 colligitur
1494 4648 1539 4701 22,
1569 4649 1606 4704 3:
1643 4645 1689 4706 54,
1719 4646 1757 4707 5:

1088 4726 1154 4779 222,
1172 4728 1229 4783 23:
1252 4711 1318 4784 256,
1337 4728 1381 4784 23.

1006 4786 1205 4864 Projectilium
1233 4801 1332 4849 motus
1359 4789 1390 4849 in
1419 4788 1525 4850 mediis
1554 4787 1757 4852 resistentibus

1088 4870 1130 4940 ΙΙ,
1147 4887 1174 4941 4,
1194 4888 1239 4928 29.
