4088 5768
707 418 858 477 exous
880 418 1042 477 Morus
1557 445 1617 515 17·

141 609 343 686 secundum
362 612 496 685 lineam
515 623 546 708 p
573 614 624 685 H
645 612 681 684 in
707 610 826 707 plana,
846 628 887 685 ut
895 623 927 708 p
952 614 1003 684 N
1020 613 1068 685 ad
1077 624 1109 709 p
1128 616 1179 687 H
1184 649 1198 701 ,·
1223 634 1335 713 atque
1353 618 1400 690 ad
1421 620 1505 705 vim,
1525 646 1599 716 qua

137 746 249 828 urget
266 728 417 826 planum
435 728 590 803 alterum
599 741 631 826 p
659 731 703 816 G,
722 746 763 804 ut
777 742 809 827 p
835 732 886 802 N
909 730 956 803 ad
982 732 1033 802 N
1059 733 1114 805 H.
1186 733 1263 807 Sed
1291 735 1328 807 81
1354 737 1411 808 vis
1438 727 1598 811 cochleae

139 874 207 945 per
229 846 385 921 similem
412 849 545 921 virium
572 848 792 922 divisionem
819 846 1022 946 colligitur;
1050 850 1188 946 quippe
1215 877 1300 949 quae
1326 880 1464 926 cuneus
1491 871 1596 929 esta

139 981 246 1040 vecte
265 964 452 1062 impulsus
527 965 630 1038 Usus
658 967 768 1064 igitur
793 964 971 1039 corollarii
999 966 1107 1065 hujus
1133 958 1310 1043 latissime
1336 986 1448 1066 patet,
1469 970 1596 1045 &late

138 1083 303 1180 patendo
332 1084 526 1156 veritatem
558 1083 637 1180 ejus
672 1083 830 1171 evincit;
871 1108 953 1155 cum
989 1084 1150 1178 pendeat
1184 1111 1231 1158 ex
1260 1087 1340 1183 jam
1375 1087 1482 1161 dictis
1517 1115 1593 1162 me-

138 1200 292 1275 chanica
325 1214 403 1274 tota
436 1199 485 1273 ab
518 1200 728 1273 auctoribus
763 1200 1012 1274 diversimode
1052 1201 1314 1277 demonstrata.
1388 1205 1449 1276 Ex
1493 1205 1594 1280 hisce

137 1319 236 1392 enim
267 1316 371 1391 sacile
401 1318 616 1391 derivantur
641 1319 739 1391 vires
766 1318 1027 1403 machinarum,
1055 1344 1151 1414 quae
1181 1345 1228 1394 ex
1260 1318 1357 1407 rotis,
1391 1324 1590 1418 tympanis,

139 1434 321 1522 trochleis
352 1437 529 1522 vectibus,
562 1436 684 1509 nervis
715 1437 830 1509 tensis
861 1436 897 1509 &
928 1437 1153 1533 ponderibus
1183 1437 1321 1511 directe
1351 1437 1410 1511 vel
1442 1439 1592 1537 oblique

138 1553 433 1639 ascendentibus,
469 1554 686 1650 caeterisque
720 1554 894 1649 potentiis
930 1555 1150 1628 mechanicis
1185 1557 1356 1651 componi
1391 1554 1520 1644 solent,
1552 1575 1593 1632 ut

138 1669 175 1742 &
192 1670 290 1743 vires
308 1671 500 1744 tendinum
518 1670 565 1743 ad
584 1668 795 1744 animalium
814 1696 899 1745 ossa
917 1672 1111 1746 movenda.

523 1949 1039 2024 COROLLARIUM
1097 1952 1200 2024 lll.

139 2109 340 2219 Quantitas
377 2139 496 2204 motus
537 2158 617 2228 quae
656 2131 846 2228 colligitur
887 2131 1054 2227 capiendo
1095 2157 1277 2204 summam
1318 2142 1482 2205 motuum
1505 2133 1590 2227 sac-

185 2273 307 2337 torum
332 2264 387 2338 ad
407 2266 552 2338 eandem
568 2275 725 2363 partem,
747 2266 797 2343 ὢ*
819 2264 1062 2360 differentiam
1076 2264 1271 2358 factorum
1299 2264 1353 2337 ud
1374 2267 1590 2355 contrariaq

165 2489 166 2492 Ἴ
186 2423 259 2470 non
277 2408 450 2472 mutatur
463 2401 510 2474 ab
525 2401 663 2474 actione
677 2410 868 2495 corporum
885 2399 985 2471 inter
998 2424 1039 2471 se.

205 2594 356 2670 Etenim
382 2600 478 2673 actio
496 2600 604 2696 eique
621 2598 803 2672 contraria
821 2598 956 2671 reactio
974 2595 1135 2693 aequales
1154 2611 1240 2669 sunt
1267 2622 1334 2693 per
1359 2595 1480 2696 legem
1510 2622 1587 2684 111,

137 2711 295 2809 ideoque
329 2740 398 2811 per
430 2713 552 2813 legem
592 2739 630 2788 11
679 2713 840 2812 aequales
876 2716 912 2788 in
956 2715 1117 2787 motibus
1161 2713 1324 2787 efficiunt
1366 2715 1589 2787 mutationes

133 2857 265 2905 versus
291 2833 490 2906 contrarias
508 2848 641 2928 partes
715 2834 819 2931 Ergo
847 2833 878 2904 si
906 2846 1028 2905 motus
1056 2830 1149 2905 fiunt
1175 2832 1223 2903 ad
1250 2832 1406 2905 eandem
1425 2848 1594 2927 partem;

135 2949 311 3045 quicquid
328 2950 477 3023 additur
503 2951 617 3024 motui
644 2950 806 3045 corporis
832 2948 1016 3046 fugientis
1034 2948 1260 3022 subducetur
1285 2950 1400 3023 motui
1426 2950 1589 3045 corporis
1671 2989 1673 2993 ·

136 3068 363 3163 insequentis
394 3069 455 3154 sic,
478 3083 519 3141 ut
548 3092 695 3141 summa
723 3080 871 3139 maneat
901 3065 1033 3139 eadem
1064 3090 1148 3161 quae
1174 3065 1284 3160 prius.
1340 3065 1407 3138 Sin
1435 3091 1590 3161 corpora

134 3184 284 3258 obviam
319 3202 406 3259 eant
420 3215 428 3274 ;
463 3183 615 3281 aequalis
646 3185 715 3257 erit
749 3183 943 3256 subductio
977 3183 1025 3257 de
1061 3199 1162 3256 motu
1198 3183 1398 3278 utriusque,
1430 3183 1589 3279 ideoque

135 3301 342 3377 differentia
359 3320 526 3378 motuum
543 3304 722 3376 factorum
741 3302 777 3375 in
796 3301 996 3375 contrarias
1022 3315 1145 3396 partes
1164 3300 1327 3373 manebit
1344 3299 1485 3374 eadem.

206 3420 263 3493 Ut
291 3423 321 3493 si
350 3447 483 3519 corpus
510 3421 731 3518 sphaericum
760 3419 800 3491 A
831 3419 879 3492 sit
906 3415 1016 3513 triplo
1033 3418 1153 3516 majus
1171 3443 1324 3513 corpore
1342 3418 1524 3513 sphaerico
1539 3419 1588 3505 B,

135 3536 345 3635 habeatque
362 3539 456 3613 duas
473 3536 678 3612 velocitatis
696 3551 842 3632 partes;
870 3534 906 3608 82
922 3535 961 3607 B
987 3552 1162 3631 sequatur
1184 3536 1219 3607 in
1238 3536 1369 3609 eadem
1389 3552 1488 3609 recta
1504 3562 1589 3608 cum

135 3652 340 3729 velocitatis
371 3657 536 3752 partibus
566 3654 705 3738 decem,
738 3652 896 3748 ideoque
927 3667 1049 3725 motus
1080 3652 1195 3748 ipsius
1225 3653 1265 3723 A
1299 3652 1348 3724 sit
1377 3652 1424 3724 ad
1446 3667 1588 3725 motum

138 3773 252 3869 ipsius
275 3773 322 3859 B,
347 3789 388 3847 ut
413 3800 480 3847 sex
497 3773 545 3846 ad
576 3771 733 3845 decem:
761 3783 948 3865 ponantur
972 3784 1094 3842 motus
1121 3767 1190 3842 illis
1221 3795 1304 3842 esse
1335 3770 1493 3864 partium
1520 3794 1588 3842 sex

137 3888 174 3961 &
202 3891 361 3986 partium
392 3890 531 3976 decem,
560 3889 767 3962 &summa
792 3887 862 3959 erit
887 3886 1045 3982 partium
1072 3887 1269 3959 sexdecim.
1328 3887 1372 3959 ln
1394 3911 1588 3982 corporum

137 4005 248 4103 igitur
264 4032 452 4093 concursu,
471 4008 501 4080 si
528 4032 661 4102 corpus
691 4004 732 4077 A
762 4001 922 4077 lucretur
946 4018 1069 4076 motus
1094 4018 1218 4098 partes
1245 4018 1319 4076 tres
1345 4000 1405 4075 vel
1432 4019 1590 4099 quatuor

137 4120 197 4196 vel
224 4125 396 4221 quinque,
416 4149 550 4220 corpus
568 4123 607 4195 B
636 4123 782 4195 amittet
798 4135 922 4216 partes
949 4119 1113 4205 totidem,
1134 4119 1292 4214 ideoque
1310 4134 1441 4216 perget
1458 4144 1590 4214 corpus

136 4240 176 4312 A
210 4257 295 4337 post
326 4241 563 4315 reflexionem
593 4266 675 4313 cum
707 4239 872 4335 partibus
900 4262 1035 4310 novem
1066 4233 1125 4308 vel
1157 4234 1285 4307 decem
1316 4232 1376 4307 vel
1408 4233 1588 4320 undecim,

138 4355 174 4429 81
202 4357 241 4430 B
270 4383 353 4431 cum
385 4358 549 4454 partibus
580 4372 724 4454 septem
754 4352 814 4429 vel
845 4380 911 4428 sex
942 4351 1002 4427 vel
1034 4352 1207 4448 quinque,
1235 4351 1417 4424 existente
1443 4376 1591 4446 semper

136 4499 280 4547 summa
292 4474 451 4570 partium
466 4473 652 4548 sexdecim
667 4488 707 4545 ut
720 4472 829 4568 prius.
884 4469 925 4542 Si
940 4494 1072 4565 corpus
1086 4470 1126 4540 A
1147 4465 1307 4540 lucretur
1316 4484 1440 4563 partes
1455 4493 1590 4541 novem

136 4589 196 4665 vel
225 4591 354 4666 decem
390 4589 450 4664 vel
484 4591 655 4664 undecim
689 4585 750 4662 vel
785 4585 990 4671 duodecim,
1022 4584 1181 4680 ideoque
1215 4585 1472 4682 progrediatur
1505 4602 1592 4682 post

138 4732 354 4781 concursum
385 4733 468 4781 cum
498 4707 664 4804 partibus
694 4704 904 4802 quindecim
936 4700 995 4775 vel
1027 4701 1215 4776 sexdecim
1245 4699 1306 4774 vel
1336 4703 1589 4799 septendecim

139 4820 198 4895 vel
228 4824 456 4911 octodecim;
496 4849 628 4921 corpus
658 4824 705 4909 B,
737 4820 942 4894 amittendo
978 4834 1033 4893 tot
1063 4834 1187 4916 partes
1218 4834 1309 4914 quot
1341 4822 1382 4892 A
1420 4818 1588 4905 lucratur,

855 4944 875 4991 u
