4088 5768
512 365 590 448 460
993 363 1059 419 DE
1079 363 1124 420 M
1126 362 1244 421 UND!
1261 364 1286 422 S
1294 363 1534 422 VSTEMATE

513 555 625 627 medii
649 568 769 628 motus
788 555 885 629 lunae
903 556 1041 629 oriatur
1058 582 1080 630 a
1097 558 1201 630 varia
1226 555 1440 631 dilatatione
1458 559 1566 634 orbis
1591 563 1711 646 lunae
1731 601 1811 672 per
1828 581 1909 654 vim
1932 576 1994 654 solis

509 672 617 767 juxta
646 671 766 746 Corol.
789 678 811 745 6
841 673 948 770 Prop.
969 697 1057 746 var
1087 674 1166 749 Lib.
1190 674 1218 747 Ι.
1281 674 1377 747 Haec
1403 675 1460 747 vis
1487 677 1526 749 in
1555 687 1754 786 perigaeo
1783 697 1881 773 solis
1906 699 1996 796 major

511 803 579 877 est,
611 788 648 861 81
678 789 805 862 orbem
836 788 933 863 lunae
964 789 1113 879 dilatat;
1154 791 1191 863 in
1222 816 1379 890 apogaeo
1408 793 1488 889 ejus
1521 798 1663 876 minor
1693 827 1775 897 est,
1813 815 1854 889 ἃ
1889 817 1995 891 orbem

511 902 612 976 illum
631 907 795 978 contrahi
815 908 1003 1003 permittit
1061 908 1105 979 ln
1124 908 1213 981 orbe
1239 907 1393 982 dilatato
1419 907 1507 983 luna
1535 918 1700 996 tardius
1733 931 1998 1018 revolvitur,in

512 1037 700 1094 contracto
718 1023 844 1110 citius;
872 1022 908 1096 81
936 1023 1098 1120 aequatio
1126 1048 1257 1109 annua,
1276 1050 1344 1120 per
1370 1050 1481 1121 quam
1513 1027 1602 1105 haec
1634 1037 1904 1142 inaequalitas
1920 1074 2000 1123 corn·

509 1154 694 1232 pensatur,
715 1139 751 1210 in
770 1165 927 1237 apogaeo
958 1140 994 1213 dc
1024 1141 1188 1237 perigaeo
1219 1139 1307 1212 solis
1339 1139 1438 1213 nulla
1468 1158 1535 1230 est,
1557 1146 1599 1220 in
1635 1159 1846 1238 mediocri
1878 1167 2001 1242 solisa

510 1271 608 1328 terra
635 1257 812 1330 distantia
842 1258 889 1329 ad
927 1259 982 1329 11'
1011 1257 1082 1352 5o''
1111 1259 1254 1331 circiter
1280 1259 1456 1345 ascendit,
1487 1259 1524 1332 in
1554 1262 1647 1340 aliis
1676 1271 1784 1352 locis
1813 1282 2003 1382 aequationi

509 1374 623 1444 centri
642 1373 729 1446 solis
747 1374 1030 1469 proportionalis
1049 1392 1125 1463 est;
1154 1377 1190 1448 dt
1216 1376 1365 1450 additur
1390 1376 1513 1450 medio
1541 1389 1673 1460 motui
1697 1391 1815 1473 lunae
1835 1403 2032 1477 obirem.

509 1489 630 1584 pergit
655 1490 703 1561 ab
721 1489 867 1585 aphelio
894 1486 961 1565 suo
989 1493 1037 1564 ad
1069 1491 1297 1588 perihelium,
1317 1492 1354 1565 dc
1381 1493 1417 1565 in
1443 1497 1625 1589 opposita
1655 1510 1778 1586 orbis
1798 1537 1917 1613 parte
1934 1521 2005 1595 sub

508 1602 662 1676 ducitur.
723 1605 965 1679 Assumendo
996 1607 1139 1679 radium
1171 1607 1270 1680 orbis
1302 1609 1428 1707 magni
1464 1634 1560 1685 1000
1593 1615 1636 1688 81
1671 1637 2006 1711 eccentricitatem

509 1734 616 1792 terrae
650 1721 715 1800 16}
754 1721 834 1795 haec
864 1725 1034 1820 aequatio,
1066 1725 1128 1797 ubi
1165 1724 1326 1797 maxima
1360 1742 1426 1812 est,
1458 1753 1525 1822 per
1559 1729 1770 1818 theoriam
1810 1755 2008 1849 gravitatis

509 1843 645 1938 prodiit
677 1842 732 1915 11‘
758 1843 841 1936 49''.
901 1846 979 1918 Sed
1007 1846 1258 1918 eccentricitas
1285 1861 1393 1919 terrae
1419 1844 1530 1942 paulo
1556 1853 1690 1948 major
1718 1886 1819 1940 esse
1850 1873 2006 1955 videtur,

509 1961 545 2033 81
566 1978 673 2033 aucta
699 1962 969 2035 eccentricitate
997 1961 1078 2034 haec
1107 1962 1268 2057 aequatio
1294 1965 1421 2061 augeri
1448 1964 1561 2037 debet
1589 1966 1627 2039 in
1659 1978 1818 2056 eadem
1850 1991 2004 2063 ratione„

509 2080 567 2152 Sit
585 2080 835 2152 eccentricitas
859 2079 952 2164 rot-t,
973 2079 1009 2152 dt
1030 2079 1192 2174 :equatio
1210 2081 1372 2153 maxima
1390 2083 1459 2154 erit
1482 2079 1537 2153 11‘
1558 2082 1643 2174 51''.

577 2198 707 2270 Inveni
727 2198 838 2270 etiam
858 2197 958 2292 quod
980 2197 1016 2267 in
1035 2194 1214 2291 perihelio
1241 2211 1357 2283 terrae,
1382 2213 1534 2294 propter
1559 2202 1756 2298 majorem
1787 2219 1877 2292 vim
1907 2221 2003 2306 solis,

506 2341 702 2413 apogaeum
739 2314 775 2386 82
811 2313 897 2387 nodi
934 2312 1030 2385 lunae
1065 2312 1229 2386 velocius
1261 2330 1458 2387 moventur
1488 2341 1600 2410 quam
1638 2319 1678 2392 in
1715 2331 1888 2424 aphelio
1913 2341 2001 2437 ejus,

507 2432 619 2527 idque
637 2432 674 2504 in
700 2430 880 2526 triplicata
908 2431 1050 2503 ratione
1079 2431 1264 2503 distantiae
1292 2446 1398 2505 terrae
1427 2457 1450 2504 a
1480 2430 1558 2505 sole
1586 2433 1757 2518 inverse.
1823 2451 1886 2526 Et
1915 2456 2001 2528 inde

506 2551 672 2622 oriuntur
705 2549 935 2643 aequationes
970 2573 1103 2620 annuae
1139 2548 1271 2621 horum
1302 2565 1469 2622 motuum
1500 2552 1705 2646 aequationi
1746 2571 1879 2642 centri
1909 2571 1998 2645 solis

506 2663 808 2762 proportionales,
866 2665 995 2738 Motus
1014 2681 1137 2737 autem
1156 2664 1244 2738 solis
1262 2681 1319 2738 est
1337 2666 1373 2737 in
1400 2664 1586 2763 duplicata
1612 2671 1767 2750 ratione
1796 2682 1996 2761 distantiae

507 2803 614 2858 terrae
634 2812 656 2857 a
674 2785 752 2857 sole
772 2786 927 2869 inverse,
948 2785 984 2857 dt
1011 2786 1172 2856 maxima
1201 2785 1315 2857 centri
1343 2785 1512 2880 aequatio,
1532 2809 1645 2880 quam
1674 2788 1762 2864 haec
1792 2796 1993 2898 inaequafi.

507 2917 563 2973 tas
590 2917 754 2998 generat,
774 2917 832 2972 est
863 2914 914 2971 lgr·
948 2901 1006 2993 56‘
1037 2900 1109 2974 20'‘
1136 2901 1323 2997 praedictae
1350 2901 1438 2974 solis
1469 2903 1735 2979 eccentricitati
1776 2915 1871 2994 16st
1901 2946 1989 2994 con-

505 3042 652 3114 gruens.
722 3017 834 3109 Quod
867 3020 897 3089 si
929 3034 1052 3090 motus
1082 3017 1170 3090 solis
1202 3033 1302 3090 esset
1333 3018 1369 3088 in
1398 3017 1579 3113 triplicata
1608 3020 1758 3098 ratione
1789 3030 1988 3108 distantiae

507 3140 662 3223 inverse,
683 3137 761 3210 haec
779 3137 1011 3234 inaequalitas
1029 3152 1225 3235 generaret
1250 3137 1498 3232 aequationem
1519 3137 1723 3212 maximam
1745 3156 1802 3214 2³¹·
1820 3151 1885 3242 54¹
1897 3152 1980 3246 30¹<

508 3259 561 3329 Et
587 3271 783 3351 propterea
809 3257 1038 3351 aquationes
1065 3255 1246 3340 maximae,
1275 3280 1367 3350 quas
1395 3252 1664 3350 inaequalitates
1691 3277 1872 3340 motuum
1891 3296 1980 3365 apo-

503 3374 576 3472 gaei
595 3374 631 3446 &
650 3374 831 3446 nodorum
851 3373 947 3445 lunae
964 3388 1155 3470 generant,
1175 3387 1263 3444 sunt
1288 3372 1336 3443 ad
1366 3384 1418 3443 2⁸¹·
1441 3371 1500 3465 54'
1519 3370 1591 3465 30''
1608 3389 1650 3445 ut
1678 3394 1809 3453 motus
1829 3388 1978 3458 medius

504 3494 656 3565 diurnus
687 3491 831 3588 apogaei
864 3490 900 3563 ἃ
929 3506 1051 3562 motus
1082 3488 1227 3561 medius
1262 3489 1414 3561 diurnus
1450 3490 1630 3563 nodorum
1666 3489 1770 3569 lunae
1804 3519 1896 3575 sunt
1930 3503 1977 3576 ad

503 3626 644 3683 motum
689 3609 853 3680 medium
897 3607 1068 3678 diurnum
1104 3604 1200 3679 solis.
1284 3607 1399 3679 Unde
1440 3606 1563 3702 prodit
1604 3611 1773 3703 aequatio
1810 3621 1977 3694 maxima

503 3727 614 3798 medii
654 3740 777 3797 motus
812 3724 956 3820 apogaei
999 3723 1055 3813 19'
1090 3721 1173 3814 43'',
1211 3723 1247 3795 dt
1290 3725 1451 3819 aequatio
1493 3724 1656 3796 maxima
1691 3732 1813 3807 medii
1849 3755 1976 3811 motus

503 3843 685 3915 nodorum
709 3841 744 3932 9¹
769 3839 850 3932 24''.
916 3839 1081 3911 Additur
1104 3864 1195 3911 vero
1221 3841 1383 3935 aequatio
1401 3841 1501 3935 prior
1519 3840 1554 3912 81
1572 3841 1797 3921 subducitur
1815 3856 1973 3948 posteri-

502 3987 552 4046 or,
572 3961 634 4032 ubi
654 3976 750 4031 terra
779 3957 901 4053 pergit
930 3982 953 4028 a
984 3954 1161 4051 perihelio
1189 3982 1257 4029 suo
1288 3956 1335 4028 ad
1364 3956 1575 4053 aphelium:
1602 3956 1640 4029 81
1667 3968 1904 4043 contrarium
1935 3971 1976 4044 fit

502 4078 539 4149 in
558 4077 730 4172 opposita
748 4075 846 4147 orbis
866 4088 979 4168 parte.

578 4195 649 4267 Per
668 4193 848 4265 theoriam
866 4190 1060 4287 gravitatis
1092 4191 1256 4264 constitit
1282 4192 1393 4263 etiam
1412 4192 1512 4287 quod
1543 4192 1639 4265 actio
1664 4194 1757 4270 solis
1787 4201 1826 4274 in
1846 4203 1974 4279 lunam

500 4311 612 4409 paulo
644 4313 762 4408 major
796 4310 852 4393 sit,
885 4309 946 4380 ubi
982 4324 1193 4380 transversa
1228 4308 1409 4381 diameter
1438 4309 1537 4382 orbis
1565 4307 1704 4384 lunaris
1736 4323 1877 4395 transit
1907 4350 1976 4420 per

500 4428 627 4514 solem,
647 4454 759 4525 quam
782 4427 844 4499 ubi
874 4425 1005 4498 eadem
1036 4426 1083 4496 ad
1114 4442 1233 4498 rectos
1259 4442 1316 4498 est
1344 4425 1500 4524 angulos
1528 4451 1611 4498 curn
1639 4425 1740 4502 linea
1764 4449 1908 4512 terram
1937 4442 1973 4514 δὲ

500 4544 617 4617 solem
630 4548 841 4642 jungente:
869 4542 905 4615 ἃ
923 4558 1120 4638 propterea
1138 4542 1237 4615 orbis
1264 4541 1400 4615 lunaris
1426 4541 1537 4639 paulo
1563 4544 1682 4640 major
1698 4564 1760 4621 est
1787 4552 1827 4626 in
1847 4558 1972 4652 priore

500 4685 586 4732 casu
607 4686 718 4756 quam
738 4662 774 4734 in
801 4661 1013 4756 posteriore.
1082 4660 1134 4731 Et
1160 4659 1244 4731 hinc
1273 4660 1388 4733 oritur
1412 4659 1484 4732 alia
1508 4661 1669 4756 aequatio
1696 4683 1827 4742 motus
1855 4676 1971 4748 medii
