<?xml version="1.0" encoding="UTF-8"?>
<!DOCTYPE html PUBLIC "-//W3C//DTD XHTML 1.0 Transitional//EN"
    "http://www.w3.org/TR/xhtml1/DTD/xhtml1-transitional.dtd">
<html xmlns="http://www.w3.org/1999/xhtml" xml:lang="en" lang="en">
 <head>
  <title>
</title>
<meta http-equiv="Content-Type" content="text/html;charset=utf-8" />
  <meta name='ocr-system' content='tesseract 3.04.00' />
  <meta name='ocr-capabilities' content='ocr_page ocr_carea ocr_par ocr_line ocrx_word'/>
</head>
<body>
  <div class='ocr_page' id='page_1' title='image "./sirisaacnewtons01newtgoog_0449.png"; bbox 0 0 4110 5782; ppageno 0'>
   <div class='ocr_carea' id='block_1_1' title="bbox 875 404 1414 466">
    <p class='ocr_par' dir='ltr' id='par_1_1' title="bbox 875 404 1414 466">
     <span class='ocr_line' id='line_1_1' title="bbox 875 404 1414 466; baseline 0.006 -6"><span class='ocrx_word' id='word_1_1' title='bbox 875 404 943 461; x_wconf 89' lang='lat' dir='ltr'><em>DE</em></span> <span class='ocrx_word' id='word_1_2' title='bbox 962 404 1125 464; x_wconf 86' lang='lat' dir='ltr'><em>MUNDI</em></span> <span class='ocrx_word' id='word_1_3' title='bbox 1144 407 1170 464; x_wconf 90' lang='lat' dir='ltr'><em>S</em></span> <span class='ocrx_word' id='word_1_4' title='bbox 1177 405 1414 466; x_wconf 78' lang='lat' dir='ltr'><em>YSTEMATE</em></span> 
     </span>
    </p>
   </div>
   <div class='ocr_carea' id='block_1_2' title="bbox 754 613 1539 937">
    <p class='ocr_par' dir='ltr' id='par_1_2' title="bbox 754 613 1539 937">
     <span class='ocr_line' id='line_1_2' title="bbox 833 613 1406 739; baseline 0.003 -2"><span class='ocrx_word' id='word_1_5' title='bbox 833 613 1331 738; x_wconf 16' lang='lat' dir='ltr'>&#39;HYPOTHESIS</span> <span class='ocrx_word' id='word_1_6' title='bbox 1380 665 1406 739; x_wconf 91' lang='lat'><em>1.</em></span> 
     </span>
     <span class='ocr_line' id='line_1_3' title="bbox 754 814 1539 937; baseline 0.001 -24"><span class='ocrx_word' id='word_1_7' title='bbox 754 842 930 913; x_wconf 80' lang='lat' dir='ltr'><em>Centrum</em></span> <span class='ocrx_word' id='word_1_8' title='bbox 947 841 1146 936; x_wconf 76' lang='lat' dir='ltr'><em>systematis</em></span> <span class='ocrx_word' id='word_1_9' title='bbox 1156 814 1347 913; x_wconf 40' lang='lat' dir='ltr'><em>&#39;muuduui</em></span> <span class='ocrx_word' id='word_1_10' title='bbox 1360 840 1539 937; x_wconf 79' lang='lat' dir='ltr'><em>quiescere.</em></span> 
     </span>
    </p>
   </div>
   <div class='ocr_carea' id='block_1_3' title="bbox 369 1020 1875 1351">
    <p class='ocr_par' dir='ltr' id='par_1_3' title="bbox 369 1020 1875 1351">
     <span class='ocr_line' id='line_1_4' title="bbox 369 1020 1873 1118; baseline 0.001 -26"><span class='ocrx_word' id='word_1_11' title='bbox 369 1074 375 1084; x_wconf 82' lang='grc'><strong>.</strong></span> <span class='ocrx_word' id='word_1_12' title='bbox 488 1021 574 1093; x_wconf 91' lang='lat' dir='ltr'><em>Hoc</em></span> <span class='ocrx_word' id='word_1_13' title='bbox 603 1021 651 1093; x_wconf 93' lang='lat' dir='ltr'><em>ab</em></span> <span class='ocrx_word' id='word_1_14' title='bbox 679 1020 851 1093; x_wconf 90' lang='lat' dir='ltr'><em>omnibus</em></span> <span class='ocrx_word' id='word_1_15' title='bbox 878 1045 1094 1094; x_wconf 90' lang='lat' dir='ltr'><em>concessum</em></span> <span class='ocrx_word' id='word_1_16' title='bbox 1130 1037 1196 1107; x_wconf 90' lang='lat' dir='ltr'><em>est,</em></span> <span class='ocrx_word' id='word_1_17' title='bbox 1226 1022 1315 1093; x_wconf 91' lang='lat' dir='ltr'><em>dum</em></span> <span class='ocrx_word' id='word_1_18' title='bbox 1343 1020 1455 1118; x_wconf 90' lang='lat' dir='ltr'>aliqui</span> <span class='ocrx_word' id='word_1_19' title='bbox 1483 1037 1628 1108; x_wconf 90' lang='lat' dir='ltr'><em>terram,</em></span> <span class='ocrx_word' id='word_1_20' title='bbox 1660 1021 1720 1094; x_wconf 92' lang='lat' dir='ltr'><em>alii</em></span> <span class='ocrx_word' id='word_1_21' title='bbox 1756 1021 1873 1096; x_wconf 91' lang='lat' dir='ltr'><em>solem</em></span> 
     </span>
     <span class='ocr_line' id='line_1_5' title="bbox 419 1136 1875 1235; baseline 0.003 -27"><span class='ocrx_word' id='word_1_22' title='bbox 419 1136 454 1208; x_wconf 94' lang='lat' dir='ltr'><em>in</em></span> <span class='ocrx_word' id='word_1_23' title='bbox 490 1151 616 1210; x_wconf 89' lang='lat' dir='ltr'><em>centro</em></span> <span class='ocrx_word' id='word_1_24' title='bbox 651 1138 864 1233; x_wconf 86' lang='lat' dir='ltr'><em>systematis</em></span> <span class='ocrx_word' id='word_1_25' title='bbox 898 1139 1088 1235; x_wconf 87' lang='lat' dir='ltr'><em>quiescere</em></span> <span class='ocrx_word' id='word_1_26' title='bbox 1123 1139 1358 1213; x_wconf 86' lang='lat' dir='ltr'><strong>contendant.</strong></span> <span class='ocrx_word' id='word_1_27' title='bbox 1422 1138 1628 1211; x_wconf 85' lang='lat' dir='ltr'>Videamus</span> <span class='ocrx_word' id='word_1_28' title='bbox 1664 1139 1753 1234; x_wconf 91' lang='lat' dir='ltr'><em>quid</em></span> <span class='ocrx_word' id='word_1_29' title='bbox 1788 1139 1875 1212; x_wconf 90' lang='lat' dir='ltr'><em>inde</em></span> 
     </span>
     <span class='ocr_line' id='line_1_6' title="bbox 419 1271 603 1351; baseline 0 -23"><span class='ocrx_word' id='word_1_30' title='bbox 419 1271 603 1351; x_wconf 89' lang='lat' dir='ltr'><em>sequatur.</em></span> 
     </span>
    </p>
   </div>
   <div class='ocr_carea' id='block_1_4' title="bbox 624 1518 1675 1597">
    <p class='ocr_par' dir='ltr' id='par_1_4' title="bbox 624 1518 1675 1597">
     <span class='ocr_line' id='line_1_7' title="bbox 624 1518 1675 1597; baseline 0.005 -6"><span class='ocrx_word' id='word_1_31' title='bbox 624 1518 996 1594; x_wconf 89' lang='lat' dir='ltr'>PROPOSITIO</span> <span class='ocrx_word' id='word_1_32' title='bbox 1043 1520 1123 1596; x_wconf 91' lang='lat' dir='ltr'><em>XI.</em></span> <span class='ocrx_word' id='word_1_33' title='bbox 1190 1521 1547 1596; x_wconf 88' lang='lat' dir='ltr'><strong>THEOREMA</strong></span> <span class='ocrx_word' id='word_1_34' title='bbox 1595 1523 1675 1597; x_wconf 87' lang='lat' dir='ltr'><em>XI.</em></span> 
     </span>
    </p>
   </div>
   <div class='ocr_carea' id='block_1_5' title="bbox 489 1700 1817 1799">
    <p class='ocr_par' dir='ltr' id='par_1_5' title="bbox 489 1700 1817 1799">
     <span class='ocr_line' id='line_1_8' title="bbox 489 1700 1817 1799; baseline 0.003 -28"><span class='ocrx_word' id='word_1_35' title='bbox 489 1700 687 1772; x_wconf 82' lang='lat' dir='ltr'><em>Commune</em></span> <span class='ocrx_word' id='word_1_36' title='bbox 701 1709 865 1773; x_wconf 79' lang='lat' dir='ltr'><em>centrum</em></span> <span class='ocrx_word' id='word_1_37' title='bbox 875 1701 1081 1797; x_wconf 72' lang='lat' dir='ltr'><em>gruue&#39;lutis</em></span> <span class='ocrx_word' id='word_1_38' title='bbox 1097 1711 1215 1788; x_wconf 82' lang='lat' dir='ltr'><em>lerrce,</em></span> <span class='ocrx_word' id='word_1_39' title='bbox 1232 1704 1319 1776; x_wconf 85' lang='lat' dir='ltr'><em>solis</em></span> <span class='ocrx_word' id='word_1_40' title='bbox 1338 1705 1386 1782; x_wconf 63' lang='grc' dir='ltr'><em>ὢ*</em></span> <span class='ocrx_word' id='word_1_41' title='bbox 1393 1705 1636 1799; x_wconf 70' lang='lat' dir='ltr'><em>plurimarum</em></span> <span class='ocrx_word' id='word_1_42' title='bbox 1653 1705 1817 1777; x_wconf 88' lang='lat' dir='ltr'><em>omnium</em></span> 
     </span>
    </p>
   </div>
   <div class='ocr_carea' id='block_1_6' title="bbox 1069 1835 1247 1933">
    <p class='ocr_par' dir='ltr' id='par_1_6' title="bbox 1069 1835 1247 1933">
     <span class='ocr_line' id='line_1_9' title="bbox 1069 1835 1247 1933; baseline 0.017 -25"><span class='ocrx_word' id='word_1_43' title='bbox 1069 1835 1247 1933; x_wconf 84' lang='lat' dir='ltr'><em>quiescere.</em></span> 
     </span>
    </p>
   </div>
   <div class='ocr_carea' id='block_1_7' title="bbox 421 1995 1889 2352">
    <p class='ocr_par' dir='ltr' id='par_1_7' title="bbox 421 1995 1889 2352">
     <span class='ocr_line' id='line_1_10' title="bbox 488 1995 1889 2126; baseline 0.006 -41"><span class='ocrx_word' id='word_1_44' title='bbox 488 2012 595 2126; x_wconf 89' lang='lat' dir='ltr'><em>Nam</em></span> <span class='ocrx_word' id='word_1_45' title='bbox 630 2031 795 2088; x_wconf 89' lang='lat' dir='ltr'><em>centrum</em></span> <span class='ocrx_word' id='word_1_46' title='bbox 824 2015 913 2089; x_wconf 90' lang='lat' dir='ltr'><em>illud</em></span> <span class='ocrx_word' id='word_1_47' title='bbox 947 2016 1028 2114; x_wconf 87' lang='lat' dir='ltr'><em>(per</em></span> <span class='ocrx_word' id='word_1_48' title='bbox 1057 2016 1182 2116; x_wconf 87' lang='lat' dir='ltr'><em>legum</em></span> <span class='ocrx_word' id='word_1_49' title='bbox 1209 2016 1317 2092; x_wconf 87' lang='lat' dir='ltr'><em>corol.</em></span> <span class='ocrx_word' id='word_1_50' title='bbox 1345 2017 1397 2117; x_wconf 87' lang='lat' dir='ltr'><em>1v)</em></span> <span class='ocrx_word' id='word_1_51' title='bbox 1427 2018 1487 2093; x_wconf 90' lang='lat' dir='ltr'><em>vel</em></span> <span class='ocrx_word' id='word_1_52' title='bbox 1516 2021 1682 2116; x_wconf 88' lang='lat' dir='ltr'><em>quiescet</em></span> <span class='ocrx_word' id='word_1_53' title='bbox 1707 2019 1766 2094; x_wconf 88' lang='lat' dir='ltr'><em>vel</em></span> <span class='ocrx_word' id='word_1_54' title='bbox 1793 1995 1889 2115; x_wconf 85' lang='lat' dir='ltr'><em>pro-¹</em></span> 
     </span>
     <span class='ocr_line' id='line_1_11' title="bbox 421 2130 1877 2234; baseline 0.005 -32"><span class='ocrx_word' id='word_1_55' title='bbox 421 2130 611 2228; x_wconf 86' lang='lat' dir='ltr'><em>gredietur</em></span> <span class='ocrx_word' id='word_1_56' title='bbox 636 2132 866 2207; x_wconf 83' lang='lat' dir='ltr'><em>uniformiter</em></span> <span class='ocrx_word' id='word_1_57' title='bbox 892 2134 928 2207; x_wconf 94' lang='lat' dir='ltr'><em>in</em></span> <span class='ocrx_word' id='word_1_58' title='bbox 955 2135 1144 2209; x_wconf 90' lang='lat' dir='ltr'><em>directum.</em></span> <span class='ocrx_word' id='word_1_59' title='bbox 1199 2136 1278 2209; x_wconf 90' lang='lat' dir='ltr'><em>Sed</em></span> <span class='ocrx_word' id='word_1_60' title='bbox 1305 2152 1432 2210; x_wconf 89' lang='lat' dir='ltr'><em>centro</em></span> <span class='ocrx_word' id='word_1_61' title='bbox 1463 2136 1524 2210; x_wconf 90' lang='lat' dir='ltr'><em>illo</em></span> <span class='ocrx_word' id='word_1_62' title='bbox 1554 2163 1702 2234; x_wconf 89' lang='lat' dir='ltr'><em>semper</em></span> <span class='ocrx_word' id='word_1_63' title='bbox 1726 2163 1877 2234; x_wconf 84' lang='lat' dir='ltr'><em>progre-</em></span> 
     </span>
     <span class='ocr_line' id='line_1_12' title="bbox 424 2247 1674 2352; baseline 0.006 -31"><span class='ocrx_word' id='word_1_64' title='bbox 424 2247 550 2322; x_wconf 91' lang='lat' dir='ltr'><em>diente</em></span> <span class='ocrx_word' id='word_1_65' title='bbox 568 2264 735 2323; x_wconf 91' lang='lat' dir='ltr'><em>centrum</em></span> <span class='ocrx_word' id='word_1_66' title='bbox 753 2251 882 2323; x_wconf 92' lang='lat' dir='ltr'><em>mundi</em></span> <span class='ocrx_word' id='word_1_67' title='bbox 900 2276 1050 2349; x_wconf 91' lang='lat' dir='ltr'><em>quoque</em></span> <span class='ocrx_word' id='word_1_68' title='bbox 1068 2253 1280 2326; x_wconf 90' lang='lat' dir='ltr'><em>movebitur</em></span> <span class='ocrx_word' id='word_1_69' title='bbox 1297 2269 1425 2328; x_wconf 89' lang='lat' dir='ltr'><em>contra</em></span> <span class='ocrx_word' id='word_1_70' title='bbox 1442 2255 1674 2352; x_wconf 89' lang='lat' dir='ltr'><em>hypothesin.</em></span> 
     </span>
    </p>
   </div>
   <div class='ocr_carea' id='block_1_8' title="bbox 611 2534 1694 2610">
    <p class='ocr_par' dir='ltr' id='par_1_8' title="bbox 611 2534 1694 2610">
     <span class='ocr_line' id='line_1_13' title="bbox 611 2534 1694 2610; baseline 0.001 -4"><span class='ocrx_word' id='word_1_71' title='bbox 611 2534 987 2610; x_wconf 86' lang='lat' dir='ltr'>PROPOSITIO</span> <span class='ocrx_word' id='word_1_72' title='bbox 1017 2536 1125 2610; x_wconf 92' lang='lat' dir='ltr'><strong>XII.</strong></span> <span class='ocrx_word' id='word_1_73' title='bbox 1198 2535 1559 2610; x_wconf 87' lang='lat' dir='ltr'>THEOREMA</span> <span class='ocrx_word' id='word_1_74' title='bbox 1591 2535 1694 2608; x_wconf 92' lang='lat' dir='ltr'>XII.</span> 
     </span>
    </p>
   </div>
   <div class='ocr_carea' id='block_1_9' title="bbox 455 2713 1855 2947">
    <p class='ocr_par' dir='ltr' id='par_1_9' title="bbox 455 2713 1855 2947">
     <span class='ocr_line' id='line_1_14' title="bbox 455 2713 1855 2814; baseline 0.001 -29"><span class='ocrx_word' id='word_1_75' title='bbox 455 2713 576 2786; x_wconf 87' lang='lat' dir='ltr'><em>Solem</em></span> <span class='ocrx_word' id='word_1_76' title='bbox 593 2722 692 2787; x_wconf 79' lang='lat' dir='ltr'><em>motu</em></span> <span class='ocrx_word' id='word_1_77' title='bbox 700 2724 876 2811; x_wconf 81' lang='lat' dir='ltr'><em>perpetuo</em></span> <span class='ocrx_word' id='word_1_78' title='bbox 892 2716 1043 2812; x_wconf 67' lang='lat' dir='ltr'><em>agriem,</em></span> <span class='ocrx_word' id='word_1_79' title='bbox 1058 2717 1123 2790; x_wconf 86' lang='lat' dir='ltr'><em>sed</em></span> <span class='ocrx_word' id='word_1_80' title='bbox 1133 2741 1323 2814; x_wconf 89' lang='lat' dir='ltr'><em>uuuquum</em></span> <span class='ocrx_word' id='word_1_81' title='bbox 1341 2719 1445 2812; x_wconf 77' lang='lat' dir='ltr'><em>louge</em></span> <span class='ocrx_word' id='word_1_82' title='bbox 1460 2716 1614 2789; x_wconf 82' lang='lat' dir='ltr'><em>recedere</em></span> <span class='ocrx_word' id='word_1_83' title='bbox 1628 2741 1652 2787; x_wconf 87' lang='lat' dir='ltr'><em>u</em></span> <span class='ocrx_word' id='word_1_84' title='bbox 1669 2716 1855 2788; x_wconf 86' lang='lat' dir='ltr'><em>communi</em></span> 
     </span>
     <span class='ocr_line' id='line_1_15' title="bbox 756 2850 1536 2947; baseline 0.001 -25"><span class='ocrx_word' id='word_1_85' title='bbox 756 2850 962 2946; x_wconf 63' lang='lat' dir='ltr'><em>,eravimus</em></span> <span class='ocrx_word' id='word_1_86' title='bbox 977 2859 1098 2923; x_wconf 82' lang='lat' dir='ltr'><em>emlro</em></span> <span class='ocrx_word' id='word_1_87' title='bbox 1105 2851 1347 2947; x_wconf 80' lang='lat' dir='ltr'><em>planetarum</em></span> <span class='ocrx_word' id='word_1_88' title='bbox 1363 2851 1536 2925; x_wconf 87' lang='lat' dir='ltr'><em>omm&#39;um.</em></span> 
     </span>
    </p>
   </div>
   <div class='ocr_carea' id='block_1_10' title="bbox 345 3027 1884 4881">
    <p class='ocr_par' dir='ltr' id='par_1_10' title="bbox 345 3027 1884 4646">
     <span class='ocr_line' id='line_1_16' title="bbox 498 3027 1881 3130; baseline 0.001 -30"><span class='ocrx_word' id='word_1_89' title='bbox 498 3027 600 3101; x_wconf 94' lang='lat' dir='ltr'><em>Nam</em></span> <span class='ocrx_word' id='word_1_90' title='bbox 619 3053 702 3101; x_wconf 92' lang='lat' dir='ltr'><em>cum</em></span> <span class='ocrx_word' id='word_1_91' title='bbox 723 3028 805 3126; x_wconf 85' lang='lat' dir='ltr'><em>(per</em></span> <span class='ocrx_word' id='word_1_92' title='bbox 822 3029 930 3103; x_wconf 90' lang='lat' dir='ltr'><em>corol.</em></span> <span class='ocrx_word' id='word_1_93' title='bbox 953 3055 971 3103; x_wconf 94' lang='lat'>2</span> <span class='ocrx_word' id='word_1_94' title='bbox 993 3057 1098 3127; x_wconf 90' lang='lat' dir='ltr'><em>prop.</em></span> <span class='ocrx_word' id='word_1_95' title='bbox 1118 3030 1200 3130; x_wconf 84' lang='lat' dir='ltr'><em>vm)</em></span> <span class='ocrx_word' id='word_1_96' title='bbox 1221 3031 1374 3104; x_wconf 86' lang='lat' dir='ltr'><em>materia</em></span> <span class='ocrx_word' id='word_1_97' title='bbox 1388 3031 1425 3103; x_wconf 92' lang='lat' dir='ltr'><em>in</em></span> <span class='ocrx_word' id='word_1_98' title='bbox 1451 3030 1530 3104; x_wconf 91' lang='lat' dir='ltr'><em>sole</em></span> <span class='ocrx_word' id='word_1_99' title='bbox 1547 3031 1595 3103; x_wconf 92' lang='lat' dir='ltr'><em>sit</em></span> <span class='ocrx_word' id='word_1_100' title='bbox 1612 3031 1661 3105; x_wconf 92' lang='lat' dir='ltr'><em>ad</em></span> <span class='ocrx_word' id='word_1_101' title='bbox 1688 3029 1881 3102; x_wconf 87' lang='lat' dir='ltr'><em>materiam</em></span> 
     </span>
     <span class='ocr_line' id='line_1_17' title="bbox 426 3143 1880 3245; baseline 0.002 -30"><span class='ocrx_word' id='word_1_102' title='bbox 426 3143 463 3216; x_wconf 94' lang='lat' dir='ltr'><em>in</em></span> <span class='ocrx_word' id='word_1_103' title='bbox 476 3146 567 3243; x_wconf 89' lang='lat' dir='ltr'><em>jove</em></span> <span class='ocrx_word' id='word_1_104' title='bbox 585 3163 626 3219; x_wconf 94' lang='lat' dir='ltr'><em>ut</em></span> <span class='ocrx_word' id='word_1_105' title='bbox 648 3152 741 3240; x_wconf 89' lang='lat'>1067</span> <span class='ocrx_word' id='word_1_106' title='bbox 759 3148 807 3221; x_wconf 93' lang='lat' dir='ltr'><em>ad</em></span> <span class='ocrx_word' id='word_1_107' title='bbox 840 3172 869 3237; x_wconf 92' lang='lat'><em>1,</em></span> <span class='ocrx_word' id='word_1_108' title='bbox 890 3148 926 3221; x_wconf 84' lang='lat'>&amp;</span> <span class='ocrx_word' id='word_1_109' title='bbox 951 3148 1128 3221; x_wconf 88' lang='lat' dir='ltr'><em>distantia</em></span> <span class='ocrx_word' id='word_1_110' title='bbox 1147 3147 1286 3245; x_wconf 88' lang='lat' dir='ltr'><em>jovisa</em></span> <span class='ocrx_word' id='word_1_111' title='bbox 1311 3146 1390 3220; x_wconf 91' lang='lat' dir='ltr'><em>sole</em></span> <span class='ocrx_word' id='word_1_112' title='bbox 1415 3148 1464 3221; x_wconf 92' lang='lat' dir='ltr'><em>sit</em></span> <span class='ocrx_word' id='word_1_113' title='bbox 1489 3148 1537 3221; x_wconf 92' lang='lat' dir='ltr'><em>ad</em></span> <span class='ocrx_word' id='word_1_114' title='bbox 1564 3148 1880 3221; x_wconf 91' lang='lat' dir='ltr'><em>semidiametrum</em></span> 
     </span>
     <span class='ocr_line' id='line_1_18' title="bbox 426 3264 1880 3367; baseline 0.002 -30"><span class='ocrx_word' id='word_1_115' title='bbox 426 3264 514 3338; x_wconf 90' lang='lat' dir='ltr'><em>solis</em></span> <span class='ocrx_word' id='word_1_116' title='bbox 540 3266 578 3338; x_wconf 93' lang='lat' dir='ltr'><em>in</em></span> <span class='ocrx_word' id='word_1_117' title='bbox 604 3267 746 3340; x_wconf 93' lang='lat' dir='ltr'><em>ratione</em></span> <span class='ocrx_word' id='word_1_118' title='bbox 776 3266 887 3364; x_wconf 91' lang='lat' dir='ltr'><em>paulo</em></span> <span class='ocrx_word' id='word_1_119' title='bbox 914 3270 1054 3367; x_wconf 89' lang='lat' dir='ltr'><em>majore</em></span> <span class='ocrx_word' id='word_1_120' title='bbox 1069 3297 1077 3356; x_wconf 89' lang='lat'>;</span> <span class='ocrx_word' id='word_1_121' title='bbox 1105 3268 1241 3340; x_wconf 91' lang='lat' dir='ltr'><em>incidet</em></span> <span class='ocrx_word' id='word_1_122' title='bbox 1271 3294 1466 3341; x_wconf 92' lang='lat' dir='ltr'><em>commune</em></span> <span class='ocrx_word' id='word_1_123' title='bbox 1492 3288 1658 3342; x_wconf 90' lang='lat' dir='ltr'><em>centrum</em></span> <span class='ocrx_word' id='word_1_124' title='bbox 1685 3269 1880 3367; x_wconf 84' lang='lat' dir='ltr'><em>gravitatis</em></span> 
     </span>
     <span class='ocr_line' id='line_1_19' title="bbox 345 3382 1880 3481; baseline 0.002 -27"><span class='ocrx_word' id='word_1_125' title='bbox 345 3437 347 3440; x_wconf 26' lang='grc' dir='ltr'><em>ψ</em></span> <span class='ocrx_word' id='word_1_126' title='bbox 421 3382 523 3477; x_wconf 90' lang='lat' dir='ltr'><em>jovis</em></span> <span class='ocrx_word' id='word_1_127' title='bbox 554 3382 590 3455; x_wconf 70' lang='grc' dir='ltr'>ἃ</span> <span class='ocrx_word' id='word_1_128' title='bbox 620 3382 708 3456; x_wconf 86' lang='lat' dir='ltr'><em>solis</em></span> <span class='ocrx_word' id='word_1_129' title='bbox 743 3385 779 3457; x_wconf 92' lang='lat' dir='ltr'><em>in</em></span> <span class='ocrx_word' id='word_1_130' title='bbox 810 3401 988 3480; x_wconf 90' lang='lat' dir='ltr'><em>punctum</em></span> <span class='ocrx_word' id='word_1_131' title='bbox 1019 3383 1130 3481; x_wconf 90' lang='lat' dir='ltr'><em>paulo</em></span> <span class='ocrx_word' id='word_1_132' title='bbox 1160 3410 1272 3479; x_wconf 89' lang='lat' dir='ltr'><em>supra</em></span> <span class='ocrx_word' id='word_1_133' title='bbox 1302 3384 1533 3479; x_wconf 88' lang='lat' dir='ltr'><em>superficiem</em></span> <span class='ocrx_word' id='word_1_134' title='bbox 1564 3384 1661 3458; x_wconf 78' lang='lat' dir='ltr'><em>solis</em></span> <span class='ocrx_word' id='word_1_135' title='bbox 1731 3384 1880 3457; x_wconf 90' lang='lat' dir='ltr'><em>Eodem</em></span> 
     </span>
     <span class='ocr_line' id='line_1_20' title="bbox 426 3500 1875 3596; baseline 0.001 -26"><span class='ocrx_word' id='word_1_136' title='bbox 426 3516 647 3596; x_wconf 86' lang='lat' dir='ltr'><em>argumento</em></span> <span class='ocrx_word' id='word_1_137' title='bbox 665 3525 748 3573; x_wconf 91' lang='lat' dir='ltr'><em>cum</em></span> <span class='ocrx_word' id='word_1_138' title='bbox 775 3503 930 3575; x_wconf 91' lang='lat' dir='ltr'><em>materia</em></span> <span class='ocrx_word' id='word_1_139' title='bbox 957 3503 992 3575; x_wconf 96' lang='lat' dir='ltr'><em>in</em></span> <span class='ocrx_word' id='word_1_140' title='bbox 1019 3500 1097 3575; x_wconf 92' lang='lat' dir='ltr'><em>sole</em></span> <span class='ocrx_word' id='word_1_141' title='bbox 1123 3502 1171 3574; x_wconf 93' lang='lat' dir='ltr'><em>sit</em></span> <span class='ocrx_word' id='word_1_142' title='bbox 1196 3503 1244 3574; x_wconf 93' lang='lat' dir='ltr'><em>ad</em></span> <span class='ocrx_word' id='word_1_143' title='bbox 1271 3503 1462 3575; x_wconf 88' lang='lat' dir='ltr'><em>materiam</em></span> <span class='ocrx_word' id='word_1_144' title='bbox 1482 3503 1517 3573; x_wconf 95' lang='lat' dir='ltr'><em>in</em></span> <span class='ocrx_word' id='word_1_145' title='bbox 1544 3519 1694 3573; x_wconf 90' lang='lat' dir='ltr'><em>saturno</em></span> <span class='ocrx_word' id='word_1_146' title='bbox 1713 3516 1754 3573; x_wconf 92' lang='lat' dir='ltr'><em>ut</em></span> <span class='ocrx_word' id='word_1_147' title='bbox 1782 3524 1875 3593; x_wconf 84' lang='lat'>30²1</span> 
     </span>
     <span class='ocr_line' id='line_1_21' title="bbox 425 3609 1883 3702; baseline 0.002 -15"><span class='ocrx_word' id='word_1_148' title='bbox 425 3615 474 3688; x_wconf 89' lang='lat' dir='ltr'><em>ad</em></span> <span class='ocrx_word' id='word_1_149' title='bbox 498 3641 526 3702; x_wconf 92' lang='lat'><em>1,</em></span> <span class='ocrx_word' id='word_1_150' title='bbox 546 3616 583 3689; x_wconf 73' lang='lat' dir='ltr'><em>dt</em></span> <span class='ocrx_word' id='word_1_151' title='bbox 599 3618 775 3692; x_wconf 90' lang='lat' dir='ltr'><em>distantia</em></span> <span class='ocrx_word' id='word_1_152' title='bbox 792 3620 931 3693; x_wconf 89' lang='lat' dir='ltr'><em>saturni</em></span> <span class='ocrx_word' id='word_1_153' title='bbox 949 3645 972 3692; x_wconf 91' lang='lat' dir='ltr'><em>a</em></span> <span class='ocrx_word' id='word_1_154' title='bbox 990 3618 1067 3692; x_wconf 91' lang='lat' dir='ltr'><em>sole</em></span> <span class='ocrx_word' id='word_1_155' title='bbox 1086 3619 1133 3692; x_wconf 91' lang='lat' dir='ltr'><em>sit</em></span> <span class='ocrx_word' id='word_1_156' title='bbox 1149 3620 1198 3692; x_wconf 90' lang='lat' dir='ltr'><em>ad</em></span> <span class='ocrx_word' id='word_1_157' title='bbox 1220 3621 1534 3693; x_wconf 90' lang='lat' dir='ltr'><em>semidiametrum</em></span> <span class='ocrx_word' id='word_1_158' title='bbox 1561 3609 1648 3692; x_wconf 90' lang='lat' dir='ltr'><em>solis</em></span> <span class='ocrx_word' id='word_1_159' title='bbox 1675 3619 1711 3691; x_wconf 95' lang='lat' dir='ltr'><em>in</em></span> <span class='ocrx_word' id='word_1_160' title='bbox 1739 3620 1883 3691; x_wconf 90' lang='lat' dir='ltr'><em>ratione</em></span> 
     </span>
     <span class='ocr_line' id='line_1_22' title="bbox 424 3734 1883 3834; baseline -0.003 -23"><span class='ocrx_word' id='word_1_161' title='bbox 424 3736 536 3833; x_wconf 89' lang='lat' dir='ltr'><em>paulo</em></span> <span class='ocrx_word' id='word_1_162' title='bbox 561 3739 729 3813; x_wconf 90' lang='lat' dir='ltr'><em>minore:</em></span> <span class='ocrx_word' id='word_1_163' title='bbox 757 3740 893 3812; x_wconf 92' lang='lat' dir='ltr'><em>incidet</em></span> <span class='ocrx_word' id='word_1_164' title='bbox 918 3763 1114 3812; x_wconf 90' lang='lat' dir='ltr'><em>commune</em></span> <span class='ocrx_word' id='word_1_165' title='bbox 1142 3754 1308 3811; x_wconf 90' lang='lat' dir='ltr'><em>centrum</em></span> <span class='ocrx_word' id='word_1_166' title='bbox 1338 3737 1531 3834; x_wconf 82' lang='lat' dir='ltr'><em>gravitatis</em></span> <span class='ocrx_word' id='word_1_167' title='bbox 1559 3737 1697 3810; x_wconf 86' lang='lat' dir='ltr'><em>saturni</em></span> <span class='ocrx_word' id='word_1_168' title='bbox 1729 3735 1765 3808; x_wconf 84' lang='lat'>&amp;</span> <span class='ocrx_word' id='word_1_169' title='bbox 1792 3734 1883 3808; x_wconf 89' lang='lat' dir='ltr'><em>solis</em></span> 
     </span>
     <span class='ocr_line' id='line_1_23' title="bbox 426 3852 1882 3951; baseline 0 -26"><span class='ocrx_word' id='word_1_170' title='bbox 426 3855 464 3926; x_wconf 91' lang='lat' dir='ltr'><em>in</em></span> <span class='ocrx_word' id='word_1_171' title='bbox 482 3871 660 3950; x_wconf 89' lang='lat' dir='ltr'><em>punctum</em></span> <span class='ocrx_word' id='word_1_172' title='bbox 679 3853 789 3951; x_wconf 89' lang='lat' dir='ltr'><em>paulo</em></span> <span class='ocrx_word' id='word_1_173' title='bbox 807 3856 900 3929; x_wconf 84' lang='lat' dir='ltr'><em>infra</em></span> <span class='ocrx_word' id='word_1_174' title='bbox 918 3855 1151 3950; x_wconf 87' lang='lat' dir='ltr'><em>superficiem</em></span> <span class='ocrx_word' id='word_1_175' title='bbox 1169 3854 1264 3930; x_wconf 91' lang='lat' dir='ltr'><em>solis.</em></span> <span class='ocrx_word' id='word_1_176' title='bbox 1320 3855 1372 3926; x_wconf 90' lang='lat' dir='ltr'><em>Et</em></span> <span class='ocrx_word' id='word_1_177' title='bbox 1389 3854 1556 3950; x_wconf 89' lang='lat' dir='ltr'><em>ejusdem</em></span> <span class='ocrx_word' id='word_1_178' title='bbox 1571 3852 1697 3926; x_wconf 90' lang='lat' dir='ltr'><em>calculi</em></span> <span class='ocrx_word' id='word_1_179' title='bbox 1712 3853 1882 3950; x_wconf 85' lang='lat' dir='ltr'><em>vestigiis</em></span> 
     </span>
     <span class='ocr_line' id='line_1_24' title="bbox 425 3968 1880 4067; baseline 0.001 -26"><span class='ocrx_word' id='word_1_180' title='bbox 425 3970 631 4045; x_wconf 92' lang='lat' dir='ltr'><em>insistendo</em></span> <span class='ocrx_word' id='word_1_181' title='bbox 648 3973 679 4045; x_wconf 92' lang='lat' dir='ltr'><em>si</em></span> <span class='ocrx_word' id='word_1_182' title='bbox 706 3988 802 4045; x_wconf 91' lang='lat' dir='ltr'><em>terra</em></span> <span class='ocrx_word' id='word_1_183' title='bbox 828 3972 865 4045; x_wconf 73' lang='lat' dir='ltr'><em>dt</em></span> <span class='ocrx_word' id='word_1_184' title='bbox 890 3970 1049 4067; x_wconf 81' lang='lat' dir='ltr'><em>planetae</em></span> <span class='ocrx_word' id='word_1_185' title='bbox 1067 3996 1197 4044; x_wconf 90' lang='lat' dir='ltr'><em>omnes</em></span> <span class='ocrx_word' id='word_1_186' title='bbox 1224 3997 1271 4044; x_wconf 90' lang='lat' dir='ltr'><em>ex</em></span> <span class='ocrx_word' id='word_1_187' title='bbox 1289 3996 1363 4043; x_wconf 90' lang='lat' dir='ltr'><em>una</em></span> <span class='ocrx_word' id='word_1_188' title='bbox 1380 3968 1467 4042; x_wconf 93' lang='lat' dir='ltr'><em>solis</em></span> <span class='ocrx_word' id='word_1_189' title='bbox 1494 3987 1599 4066; x_wconf 90' lang='lat' dir='ltr'><em>parte</em></span> <span class='ocrx_word' id='word_1_190' title='bbox 1625 3971 1880 4059; x_wconf 90' lang='lat' dir='ltr'><em>consisterent,</em></span> 
     </span>
     <span class='ocr_line' id='line_1_25' title="bbox 427 4085 1882 4184; baseline 0.001 -26"><span class='ocrx_word' id='word_1_191' title='bbox 427 4111 623 4161; x_wconf 88' lang='lat' dir='ltr'><em>commune</em></span> <span class='ocrx_word' id='word_1_192' title='bbox 654 4089 818 4160; x_wconf 90' lang='lat' dir='ltr'><em>omnium</em></span> <span class='ocrx_word' id='word_1_193' title='bbox 849 4104 1014 4159; x_wconf 89' lang='lat' dir='ltr'><em>centrum</em></span> <span class='ocrx_word' id='word_1_194' title='bbox 1044 4086 1238 4184; x_wconf 86' lang='lat' dir='ltr'><em>gravitatis</em></span> <span class='ocrx_word' id='word_1_195' title='bbox 1264 4087 1328 4158; x_wconf 85' lang='lat' dir='ltr'><em>vix</em></span> <span class='ocrx_word' id='word_1_196' title='bbox 1360 4086 1503 4182; x_wconf 80' lang='lat' dir='ltr'><em>integra</em></span> <span class='ocrx_word' id='word_1_197' title='bbox 1530 4085 1617 4159; x_wconf 91' lang='lat' dir='ltr'><em>solis</em></span> <span class='ocrx_word' id='word_1_198' title='bbox 1645 4087 1827 4159; x_wconf 89' lang='lat' dir='ltr'><em>diametro</em></span> <span class='ocrx_word' id='word_1_199' title='bbox 1857 4112 1882 4159; x_wconf 90' lang='lat' dir='ltr'><em>a</em></span> 
     </span>
     <span class='ocr_line' id='line_1_26' title="bbox 426 4202 1884 4296; baseline 0 -22"><span class='ocrx_word' id='word_1_200' title='bbox 426 4218 554 4276; x_wconf 92' lang='lat' dir='ltr'><em>centro</em></span> <span class='ocrx_word' id='word_1_201' title='bbox 584 4202 672 4276; x_wconf 91' lang='lat' dir='ltr'><em>solis</em></span> <span class='ocrx_word' id='word_1_202' title='bbox 702 4204 864 4276; x_wconf 89' lang='lat' dir='ltr'><em>distaret.</em></span> <span class='ocrx_word' id='word_1_203' title='bbox 931 4202 1027 4275; x_wconf 86' lang='lat' dir='ltr'><em>Aliis</em></span> <span class='ocrx_word' id='word_1_204' title='bbox 1058 4204 1095 4275; x_wconf 93' lang='lat' dir='ltr'><em>in</em></span> <span class='ocrx_word' id='word_1_205' title='bbox 1121 4203 1267 4275; x_wconf 89' lang='lat' dir='ltr'><em>casibus</em></span> <span class='ocrx_word' id='word_1_206' title='bbox 1293 4203 1468 4274; x_wconf 91' lang='lat' dir='ltr'><em>distantia</em></span> <span class='ocrx_word' id='word_1_207' title='bbox 1494 4219 1701 4274; x_wconf 86' lang='lat' dir='ltr'><em>centrorum</em></span> <span class='ocrx_word' id='word_1_208' title='bbox 1732 4227 1884 4296; x_wconf 87' lang='lat' dir='ltr'><em>semper</em></span> 
     </span>
     <span class='ocr_line' id='line_1_27' title="bbox 426 4318 1882 4415; baseline 0.001 -24"><span class='ocrx_word' id='word_1_209' title='bbox 426 4321 546 4393; x_wconf 94' lang='lat' dir='ltr'><em>minor</em></span> <span class='ocrx_word' id='word_1_210' title='bbox 575 4335 641 4393; x_wconf 73' lang='lat' dir='ltr'><em>est,</em></span> <span class='ocrx_word' id='word_1_211' title='bbox 714 4319 767 4392; x_wconf 91' lang='lat' dir='ltr'><em>Et</em></span> <span class='ocrx_word' id='word_1_212' title='bbox 801 4335 1006 4415; x_wconf 89' lang='lat' dir='ltr'><em>propterea,</em></span> <span class='ocrx_word' id='word_1_213' title='bbox 1034 4345 1117 4392; x_wconf 87' lang='lat' dir='ltr'><em>cum</em></span> <span class='ocrx_word' id='word_1_214' title='bbox 1152 4336 1318 4393; x_wconf 91' lang='lat' dir='ltr'><em>centrum</em></span> <span class='ocrx_word' id='word_1_215' title='bbox 1354 4318 1441 4392; x_wconf 90' lang='lat' dir='ltr'><em>illud</em></span> <span class='ocrx_word' id='word_1_216' title='bbox 1472 4319 1664 4415; x_wconf 87' lang='lat' dir='ltr'><em>gravitatis</em></span> <span class='ocrx_word' id='word_1_217' title='bbox 1699 4333 1882 4412; x_wconf 84' lang='lat' dir='ltr'><em>perpetuo</em></span> 
     </span>
     <span class='ocr_line' id='line_1_28' title="bbox 426 4433 1882 4530; baseline 0 -24"><span class='ocrx_word' id='word_1_218' title='bbox 426 4434 589 4529; x_wconf 91' lang='lat' dir='ltr'><em>quiescit,</em></span> <span class='ocrx_word' id='word_1_219' title='bbox 609 4433 663 4508; x_wconf 92' lang='lat' dir='ltr'><em>sol</em></span> <span class='ocrx_word' id='word_1_220' title='bbox 682 4460 750 4530; x_wconf 91' lang='lat' dir='ltr'><em>pro</em></span> <span class='ocrx_word' id='word_1_221' title='bbox 767 4435 871 4507; x_wconf 91' lang='lat' dir='ltr'><em>vario</em></span> <span class='ocrx_word' id='word_1_222' title='bbox 889 4433 1118 4529; x_wconf 87' lang='lat' dir='ltr'><em>planetarum</em></span> <span class='ocrx_word' id='word_1_223' title='bbox 1137 4435 1208 4507; x_wconf 93' lang='lat' dir='ltr'><em>situ</em></span> <span class='ocrx_word' id='word_1_224' title='bbox 1229 4436 1264 4506; x_wconf 94' lang='lat' dir='ltr'><em>in</em></span> <span class='ocrx_word' id='word_1_225' title='bbox 1289 4460 1418 4507; x_wconf 93' lang='lat' dir='ltr'><em>omnes</em></span> <span class='ocrx_word' id='word_1_226' title='bbox 1436 4449 1560 4529; x_wconf 90' lang='lat' dir='ltr'><em>partes</em></span> <span class='ocrx_word' id='word_1_227' title='bbox 1579 4433 1796 4518; x_wconf 88' lang='lat' dir='ltr'><em>movebitur,</em></span> <span class='ocrx_word' id='word_1_228' title='bbox 1812 4434 1882 4506; x_wconf 91' lang='lat' dir='ltr'><em>sed</em></span> 
     </span>
     <span class='ocr_line' id='line_1_29' title="bbox 424 4548 1180 4646; baseline 0.003 -27"><span class='ocrx_word' id='word_1_229' title='bbox 424 4573 447 4619; x_wconf 89' lang='lat' dir='ltr'><em>a</em></span> <span class='ocrx_word' id='word_1_230' title='bbox 465 4567 589 4622; x_wconf 92' lang='lat' dir='ltr'><em>centro</em></span> <span class='ocrx_word' id='word_1_231' title='bbox 608 4549 669 4623; x_wconf 91' lang='lat' dir='ltr'><em>illo</em></span> <span class='ocrx_word' id='word_1_232' title='bbox 687 4575 877 4646; x_wconf 89' lang='lat' dir='ltr'><em>nunquam</em></span> <span class='ocrx_word' id='word_1_233' title='bbox 895 4548 1005 4646; x_wconf 85' lang='lat' dir='ltr'><em>longe</em></span> <span class='ocrx_word' id='word_1_234' title='bbox 1023 4549 1180 4622; x_wconf 89' lang='lat' dir='ltr'><em>recedet.</em></span> 
     </span>
    </p>

    <p class='ocr_par' dir='ltr' id='par_1_11' title="bbox 423 4666 1884 4881">
     <span class='ocr_line' id='line_1_30' title="bbox 496 4666 1880 4764; baseline 0.006 -28"><span class='ocrx_word' id='word_1_235' title='bbox 496 4666 613 4738; x_wconf 85' lang='lat' dir='ltr'><em>Corol.</em></span> <span class='ocrx_word' id='word_1_236' title='bbox 650 4667 753 4741; x_wconf 88' lang='lat' dir='ltr'><em>Hinc</em></span> <span class='ocrx_word' id='word_1_237' title='bbox 784 4693 979 4740; x_wconf 90' lang='lat' dir='ltr'><em>commune</em></span> <span class='ocrx_word' id='word_1_238' title='bbox 1005 4669 1199 4764; x_wconf 89' lang='lat' dir='ltr'><em>gravitatis</em></span> <span class='ocrx_word' id='word_1_239' title='bbox 1228 4683 1394 4742; x_wconf 91' lang='lat' dir='ltr'><em>centrum</em></span> <span class='ocrx_word' id='word_1_240' title='bbox 1422 4683 1538 4755; x_wconf 85' lang='lat' dir='ltr'><em>terrae,</em></span> <span class='ocrx_word' id='word_1_241' title='bbox 1566 4667 1654 4742; x_wconf 90' lang='lat' dir='ltr'><em>solis</em></span> <span class='ocrx_word' id='word_1_242' title='bbox 1686 4668 1721 4740; x_wconf 67' lang='lat'><em>81</em></span> <span class='ocrx_word' id='word_1_243' title='bbox 1751 4667 1880 4764; x_wconf 89' lang='lat' dir='ltr'><em>plane-</em></span> 
     </span>
     <span class='ocr_line' id='line_1_31' title="bbox 423 4785 1884 4881; baseline 0.006 -29"><span class='ocrx_word' id='word_1_244' title='bbox 423 4795 542 4853; x_wconf 90' lang='lat' dir='ltr'><em>tarum</em></span> <span class='ocrx_word' id='word_1_245' title='bbox 569 4785 733 4857; x_wconf 92' lang='lat' dir='ltr'><em>omnium</em></span> <span class='ocrx_word' id='word_1_246' title='bbox 761 4811 829 4881; x_wconf 91' lang='lat' dir='ltr'><em>pro</em></span> <span class='ocrx_word' id='word_1_247' title='bbox 857 4800 983 4858; x_wconf 89' lang='lat' dir='ltr'><em>centro</em></span> <span class='ocrx_word' id='word_1_248' title='bbox 1010 4785 1137 4856; x_wconf 92' lang='lat' dir='ltr'><em>mundi</em></span> <span class='ocrx_word' id='word_1_249' title='bbox 1169 4785 1381 4858; x_wconf 90' lang='lat' dir='ltr'><em>habendum</em></span> <span class='ocrx_word' id='word_1_250' title='bbox 1413 4802 1477 4860; x_wconf 85' lang='lat' dir='ltr'><em>est</em></span> <span class='ocrx_word' id='word_1_251' title='bbox 1535 4785 1636 4858; x_wconf 90' lang='lat' dir='ltr'><em>Nam</em></span> <span class='ocrx_word' id='word_1_252' title='bbox 1663 4811 1745 4858; x_wconf 89' lang='lat' dir='ltr'><em>cum</em></span> <span class='ocrx_word' id='word_1_253' title='bbox 1772 4801 1884 4877; x_wconf 88' lang='lat' dir='ltr'><em>terra,</em></span> 
     </span>
    </p>
   </div>
   <div class='ocr_carea' id='block_1_11' title="bbox 0 0 2066 5782">
    <p class='ocr_par' dir='ltr' id='par_1_12' title="bbox 0 0 2066 5782">
     <span class='ocr_line' id='line_1_32' title="bbox 0 0 2066 5782; baseline 0 0"><span class='ocrx_word' id='word_1_254' title='bbox 0 0 2066 5782; x_wconf 95' lang='lat' dir='ltr'><em> </em></span> 
     </span>
    </p>
   </div>
  </div>
 </body>
</html>
