4088 5768
846 472 988 532 LIBER
1006 472 1190 533 paruus.
1704 479 1751 568 37

366 672 409 744 In
428 671 496 744 hac
513 667 775 766 propositione,
795 665 832 739 81
856 693 943 740 casu
970 668 1134 741 secundo
1161 668 1421 764 propositionis
1439 671 1637 767 superioris
1664 699 1748 749 con·

296 787 514 862 structiones
532 786 675 860 eaedem
693 800 789 871 sunt,
808 785 889 858 sive
906 802 1005 859 recta
1022 785 1067 857 X
1081 786 1122 858 Υ
1134 784 1380 882 trajectoriam
1406 804 1508 861 secet
1530 789 1566 860 in
1584 790 1629 861 X
1647 788 1683 862 &
1706 792 1749 876 Y,

295 907 376 980 sive
398 930 471 979 non
490 919 610 993 secet;
636 928 768 1000 eaeque
794 928 868 976 non
895 902 1059 999 pendent
1084 903 1132 975 ab
1159 902 1227 975 hac
1253 904 1424 978 sectione.
1496 905 1574 979 Sed
1596 906 1749 981 demon-

295 1023 418 1096 stratis
444 1021 777 1095 constructionibus
803 1020 866 1092 ubi
885 1035 983 1092 recta
1014 1016 1074 1091 illa
1102 1019 1347 1118 trajectoriam
1377 1037 1487 1107 secat,
1516 1023 1751 1098 innotescunt

294 1139 595 1228 constructiones,
623 1139 686 1211 ubi
713 1163 787 1212 non
813 1154 935 1224 secat;
968 1137 1086 1233 iisque
1111 1136 1206 1210 ultra
1231 1138 1530 1213 demonstrandis
1555 1141 1747 1215 brevitatis
1837 1186 1838 1191 =

294 1258 414 1356 gratia
432 1282 506 1331 non
524 1257 707 1330 immoror.

768 1383 917 1507 LEM
941 1434 982 1506 u
1004 1434 1041 1506 A
1101 1434 1140 1507 x
1159 1433 1231 1507 xi
1253 1434 1279 1509 1.

411 1573 413 1575 ’
522 1573 689 1669 Figuras
706 1570 747 1644 in
764 1572 860 1644 altus
875 1569 1031 1667 ejusdem
1040 1568 1347 1667 genen'sfiguras
1363 1579 1513 1645 mutare.

363 1722 665 1798 Transmutanda
694 1722 743 1796 sit
772 1722 890 1819 figura
916 1720 1060 1817 quaevis
1089 1721 1142 1794 H
1150 1721 1231 1794 Gl.
1303 1721 1498 1796 Ducantur
1532 1749 1599 1819 pro
1633 1724 1749 1800 lubitu

294 1859 404 1918 rectae
434 1843 520 1916 duae
557 1836 741 1936 parallelae
776 1837 878 1924 AO,
909 1836 994 1909 BL
1030 1837 1176 1911 tertiam
1210 1838 1381 1933 quamvis
1408 1839 1591 1934 positione
1625 1842 1750 1916 datam

293 1960 335 2033 A
351 1961 390 2032 B
418 1974 586 2032 secantes
617 1957 654 2029 in
685 1955 726 2028 A
760 1953 797 2027 81
822 1955 869 2039 B,
890 1951 926 2025 8t
955 1979 979 2025 a
1008 1953 1137 2051 figurae
1166 1968 1304 2050 puncto
1330 1955 1463 2050 quovis
1484 1957 1528 2042 G,
1547 1958 1595 2030 ad
1613 1974 1751 2033 rectam

293 2079 334 2152 A
351 2077 390 2149 B
406 2076 561 2149 ducatur
578 2073 721 2170 quaevis
742 2072 838 2156 GD,
858 2069 927 2166 ipsi
948 2070 1034 2144 OA
1056 2068 1237 2166 parallela.
1312 2072 1459 2146 Deinde
1485 2099 1508 2146 a
1531 2090 1669 2170 puncto
1686 2075 1749 2149 ali-

293 2220 370 2291 quo
391 2194 432 2280 O,
447 2193 485 2266 in
503 2191 600 2265 linea
620 2191 707 2264 OA
728 2188 825 2274 dato,
844 2187 892 2260 ad
910 2201 1088 2282 punctum
1105 2188 1148 2260 D
1172 2186 1328 2261 ducatur
1350 2205 1450 2262 recta
1469 2190 1563 2277 OD,
1584 2191 1652 2286 ipsi
1670 2192 1750 2265 BL

293 2335 488 2385 occurrens
522 2310 560 2382 in
593 2307 628 2393 d,
656 2305 692 2380 81
718 2331 741 2378 a
770 2329 883 2401 punc-

292 2445 333 2502 to
372 2451 545 2501 occursus
579 2424 742 2522 erigatur
784 2439 883 2496 recta

290 2545 356 2642 dg
369 2544 499 2618 datum
516 2541 688 2639 quemvis
705 2538 882 2638 angulum

293 2687 377 2736 cum
416 2674 516 2734 recta
557 2659 641 2731 BL
678 2657 880 2742 continens,

292 2795 406 2875 atque
424 2802 507 2850 eam
531 2775 673 2849 habens
699 2775 880 2847 rationem

292 2895 341 2969 ad
362 2896 439 2970 Od
450 2918 563 2991 quam
589 2892 703 2966 habet
723 2891 815 2963 DG
832 2890 880 2962 ad

295 3014 407 3096 OD,·
450 3010 487 3084 81
525 3010 595 3084 erit
629 3035 663 3106 g
702 3022 880 3105 punctum

291 3131 329 3203 in
358 3129 476 3226 figura
506 3152 605 3202 nova
628 3126 721 3223 kgr·
742 3142 899 3221 puncto

296 3246 333 3321 G
349 3245 589 3342 respondens.
658 3243 805 3316 Eadem
823 3267 878 3314 ra-

293 3363 394 3437 tione
418 3378 556 3459 puncta
581 3359 728 3457 singula
751 3359 880 3456 figurae

293 3480 423 3576 primae
457 3470 611 3552 dabunt‘
629 3491 767 3573 puncta
796 3477 880 3549 toti-

292 3597 380 3670 dem
399 3597 527 3694 figurae
542 3621 660 3668 novae.
717 3593 881 3690 Concipe

293 3713 405 3812 igitur
433 3728 613 3810 punctum
647 3711 682 3784 G
713 3726 815 3783 motu
844 3712 1020 3784 continuo
1050 3737 1261 3807 percurrere
1292 3726 1427 3809 puncta
1461 3713 1586 3787 omnia
1620 3713 1748 3811 figurae

292 3831 432 3927 primae,
452 3828 489 3902 u
515 3843 695 3925 punctum
717 3852 751 3922 g
779 3841 880 3900 motu
908 3827 1035 3901 itidem
1062 3829 1236 3904 continuo
1262 3843 1449 3925 percurret
1473 3844 1608 3925 puncta
1625 3829 1750 3903 omnia

293 3946 422 4045 figurae
443 3971 552 4020 novae
577 3942 797 4017 &eandem
823 3943 1023 4018 describet·
1088 3944 1345 4019 Distinctionis
1370 3946 1490 4044 gratia
1515 3945 1748 4018 nominemus

292 4065 335 4137 D
351 4063 388 4138 G
420 4063 628 4136 ordinatam
663 4060 829 4157 primam,
863 4059 894 4132 d
892 4086 926 4157 g
964 4059 1171 4134 ordinatam
1207 4086 1364 4149 novam;
1408 4063 1450 4134 A
1462 4063 1505 4135 D
1546 4062 1747 4135 abscissam

292 4181 459 4277 primam,
477 4180 545 4253 ad
564 4179 765 4252 abscissam
792 4201 951 4264 novam;
982 4176 1016 4249 O
1036 4175 1171 4272 polum,
1193 4177 1280 4250 OD
1296 4178 1439 4251 radium
1457 4178 1745 4262 abscindentem,

295 4297 386 4370 OA
423 4297 567 4371 radium
601 4296 812 4370 ordinatum
846 4294 1017 4390 primum,
1054 4291 1091 4365 u
1128 4294 1198 4367 Oa
1234 4294 1325 4392 (quo
1363 4286 1746 4391 parallelogrammum

294 4415 330 4488 O
342 4415 384 4487 A
400 4414 440 4486 B
450 4439 475 4486 a
492 4411 710 4510 completur)
727 4411 871 4485 radium
889 4410 1098 4485 ordinatum
1117 4435 1267 4484 novum.

362 4530 458 4604 Dico
470 4530 550 4627 jam
572 4529 683 4625 quod,
702 4528 733 4601 si
760 4544 938 4624 punctum
968 4528 1003 4601 G
1029 4528 1149 4626 tangit
1174 4543 1311 4602 rectam
1329 4524 1463 4600 lineam
1481 4526 1664 4622 positione
1682 4527 1746 4600 da·

290 4664 379 4733 tam,
409 4660 586 4742 punctum
612 4671 647 4742 g
673 4661 802 4743 tanget
831 4645 942 4719 etiam
972 4642 1107 4718 lineam
1138 4660 1276 4719 rectam
1302 4643 1486 4740 positione
1513 4643 1649 4717 datam.
1704 4645 1746 4719 Si

289 4780 471 4861 punctum
508 4764 544 4837 G
577 4762 698 4860 tangit
737 4761 902 4835 conicam
945 4760 1156 4847 sectionem,
1192 4774 1370 4857 punctum
1398 4785 1432 4856 g
1462 4774 1592 4858 tanget
1634 4762 1746 4835 etiam

289 4879 457 4954 conicam
475 4879 686 4953 sectionem.
733 4878 881 4952 Conicis
898 4877 1122 4952 sectionibus
1139 4877 1198 4952 hic
1214 4875 1388 4951 circulum
1406 4902 1617 4953 annumero.
1657 4878 1744 4953 Por-
