4088 5768
766 416 989 477 anrronrs
1014 416 1263 480 PRAEFATJO.
1668 425 1758 497 xxix

298 628 481 685 metarum
512 610 673 683 motibus
701 611 852 684 omnino
882 609 984 684 locus
1016 637 1089 697 non
1122 612 1211 701 erit;
1252 613 1321 686 nisi
1352 616 1506 688 materia
1536 616 1598 690 illa
1629 619 1756 693 fictitia

300 731 446 827 penitus
464 755 486 803 e
504 727 602 801 caelis
620 744 846 802 amoveatur.

365 847 407 920 Si
425 843 525 919 enim
543 843 702 940 planetae
721 846 856 917 circum
874 843 990 918 solem
1016 871 1040 918 a
1064 846 1265 920 vorticibus
1286 847 1544 938 devehuntur;
1571 853 1753 925 vorticum

299 980 433 1061 partes,
471 987 555 1059 quae
590 962 758 1056 proxime
792 962 960 1034 ambiunt
1000 987 1304 1058 unumquemque
1345 965 1541 1061 planetam,
1585 969 1753 1065 ejusdem

298 1081 492 1154 densitatis
510 1095 618 1152 erunt
635 1105 677 1152 ac
695 1078 863 1175 planeta;
891 1081 942 1152 uti
962 1081 1229 1176 supradictum
1247 1098 1313 1155 est
1371 1084 1502 1180 ltaque
1521 1087 1674 1159 materia
1692 1086 1753 1160 illa

297 1200 428 1284 omnis,
451 1223 536 1295 quae
566 1197 740 1294 contigua
767 1211 824 1270 est
849 1198 949 1270 orbis
984 1199 1108 1295 magni
1123 1261 1125 1264 Α
1140 1199 1346 1295 perimetro‚
1375 1226 1501 1295 parem
1530 1202 1682 1276 habebit
1710 1230 1753 1277 ac

296 1315 643 1414 tellusudensitatem
663 1342 670 1387 :
698 1339 781 1409 quae
800 1339 889 1387 vero
902 1316 1002 1412 jacet
1020 1316 1115 1388 intra
1141 1316 1268 1388 orbem
1296 1343 1472 1416 magnum
1490 1335 1603 1415 atque
1621 1322 1750 1394 orbem

296 1432 445 1517 saturni,
466 1428 526 1503 vel
544 1455 672 1526 parem
689 1430 748 1503 vel
768 1432 944 1527 majorem
963 1430 1123 1505 habebit
1181 1432 1282 1504 Nam
1301 1449 1342 1506 ut
1367 1437 1580 1510 constitutio
1601 1438 1751 1510 vorticis

293 1575 512 1648 permanere
546 1549 671 1644 possit,
703 1547 842 1620 debent
876 1562 999 1644 partes
1034 1549 1155 1621 minus
1190 1549 1317 1623 densae
1352 1568 1518 1625 centrum
1559 1580 1749 1650 occupare,

298 1668 417 1765 magis
435 1668 564 1740 densae
582 1665 727 1761 longius
744 1693 767 1738 a
784 1680 911 1738 centro
928 1664 1039 1736 abire.
1095 1666 1191 1737 Cum
1210 1666 1308 1738 enim
1335 1667 1565 1762 planetarum
1585 1686 1753 1766 tempora

140 1815 148 1824 ·
240 1885 242 1888 ι
296 1785 484 1881 periodica
514 1785 589 1856 s'int
619 1784 655 1856 in
687 1785 828 1857 ratione
856 1781 1117 1879 sesquiplicata
1146 1782 1402 1855 distantiarum
1434 1810 1457 1856 a
1487 1785 1574 1871 sole,
1603 1804 1752 1882 oportet

297 1903 457 1998 partium
493 1901 642 1974 vorticis
677 1900 850 1996 periodos
884 1900 1042 1973 eandem
1078 1900 1257 1973 rationem
1293 1925 1450 1973 servare.
1532 1903 1626 1976 Inde
1661 1930 1752 1977 vero

296 2019 464 2114 sequitur
489 2018 587 2090 vires
606 2017 830 2114 centrisugas
847 2017 978 2089 harum
1005 2017 1162 2113 partium
1190 2016 1268 2089 fore
1295 2019 1480 2114 reciproce
1504 2034 1545 2091 ut
1570 2021 1752 2115 quadrata

296 2136 562 2208 distantiarum.
617 2134 714 2227 Quae
733 2135 843 2232 igitur
861 2135 999 2230 majore
1018 2131 1210 2206 intervallo
1232 2132 1372 2206 distant
1389 2160 1411 2206 a
1429 2150 1565 2224 centro,
1587 2138 1752 2211 nituntur

296 2253 344 2325 ab
362 2252 495 2325 eodem
514 2251 685 2325 recedere
712 2253 853 2324 minore
871 2252 928 2324 vi:
960 2252 1059 2323 unde
1076 2250 1107 2322 si
1134 2251 1255 2322 minus
1282 2251 1408 2323 densae
1435 2251 1578 2339 suerint,
1599 2279 1750 2329 necesse

296 2383 411 2441 estut
428 2369 564 2440 cedant
589 2368 626 2439 vi
654 2368 791 2464 majori,
812 2393 886 2463 qua
913 2382 1037 2462 partes
1064 2382 1190 2439 centro
1216 2367 1406 2461 propiores
1434 2368 1635 2442 ascendere
1662 2396 1748 2443 con-

295 2499 412 2556 antur.
500 2483 718 2579 Ascendent
751 2510 841 2581 ergo
875 2483 1076 2572 densiores
1112 2482 1341 2556 descendent
1376 2484 1496 2556 minus
1530 2485 1667 2572 densae,
1714 2487 1750 2559 81

294 2598 457 2672 locorum
490 2600 553 2672 fiet
583 2601 740 2673 invicem
771 2601 1013 2696 permutatio;
1054 2599 1173 2671 donec
1206 2599 1256 2671 ita
1286 2601 1396 2673 fuerit
1425 2602 1606 2697 disposita
1636 2621 1749 2701 atque

295 2717 464 2790 ordinata
482 2720 634 2791 materia
652 2720 765 2791 fluida
791 2721 903 2792 totius
930 2718 1088 2803 vorticis
1108 2733 1149 2789 ut
1174 2716 1434 2813 conquiescere
1457 2719 1536 2814 jam
1564 2721 1683 2814 possit
1712 2721 1748 2794 in

294 2830 499 2927 aequilibrio
528 2835 735 2908 constituta.
790 2836 831 2908 Si
860 2835 947 2907 bina
977 2834 1100 2922 fluida,
1120 2859 1277 2928 quorum
1306 2833 1454 2905 diversa
1482 2850 1540 2906 est
1567 2834 1748 2926 densitas,

293 2949 330 3020 in
349 2949 481 3021 eodem
497 2976 587 3023 vase
604 2953 850 3039 continentur;
878 2952 1004 3046 utique
1022 2950 1183 3022 futurum
1203 2964 1260 3022 est
1277 2964 1318 3021 ut
1331 2950 1494 3036 fluidum,
1510 2952 1613 3048 cujus
1632 2956 1750 3051 major

292 3081 351 3137 est
380 3065 554 3152 densitas,
576 3069 714 3164 majore
740 3069 777 3140 vi
803 3067 995 3165 gravitatis
1027 3065 1192 3138 infimum
1220 3080 1322 3161 petat
1352 3064 1500 3141 locum:
1539 3067 1575 3139 dt
1606 3070 1747 3142 ratione

292 3207 366 3255 non
394 3182 550 3256 absimili
577 3186 728 3257 omnino
753 3185 951 3257 dicendum
977 3198 1043 3268 est,
1063 3183 1252 3255 densiores
1279 3182 1427 3255 vorticis
1454 3198 1577 3277 partes
1606 3186 1745 3282 majore

292 3299 329 3372 vi
365 3302 569 3399 centrisuga
597 3318 723 3398 petere
752 3326 965 3396 supremum
994 3298 1124 3372 locum.
1197 3299 1297 3372 Tota
1328 3299 1439 3396 igitur
1469 3299 1530 3373 illa
1561 3302 1597 3375 8c
1628 3303 1744 3377 multo

293 3416 455 3489 maxima
488 3443 574 3513 pars
608 3419 766 3504 vorticiS,
796 3443 880 3513 quae
909 3417 1009 3514 jacet
1043 3432 1148 3489 extra
1182 3414 1320 3488 telluris
1351 3417 1488 3504 orbem,
1521 3419 1743 3494 densitatem

292 3523 445 3605 habebit
461 3550 573 3630 atque
594 3535 689 3608 adeo
710 3536 786 3607 vim
818 3536 959 3608 inertiae
989 3559 1055 3629 pro
1086 3531 1183 3606 mole
1214 3533 1386 3618 materiae,
1406 3560 1491 3629 quae
1522 3560 1595 3608 non
1624 3538 1745 3610 minor

292 3648 361 3721 erit
379 3675 491 3744 quam
509 3651 673 3724 densitas
694 3652 730 3724 dr
748 3653 803 3724 vis
831 3651 970 3724 inertiae
993 3648 1155 3722 telluris:
1184 3648 1269 3721 inde
1295 3674 1384 3721 vero
1411 3651 1564 3722 cometis
1583 3652 1744 3747 trajectis

293 3767 435 3839 orietur
461 3769 592 3864 ingens
623 3769 840 3856 resistentia,
866 3768 902 3840 8z
928 3765 1038 3839 valde
1068 3767 1269 3839 admodum
1297 3764 1500 3852 sensibilis;
1539 3792 1585 3838 ne
1611 3768 1741 3854 dicam,

292 3907 377 3977 quae
396 3901 538 3957 motum
556 3885 758 3958 eorundem
785 3885 931 3979 penitus
958 3884 1087 3955 sistere
1105 3899 1217 3978 atquc
1245 3884 1443 3956 absorbere
1474 3909 1584 3978 posse
1612 3885 1743 3956 merito

291 3998 471 4072 videatur.
553 4001 710 4074 Constat
743 4015 867 4072 autem
902 4025 949 4071 ex
984 4015 1086 4072 motu
1130 4016 1355 4071 cometarum
1390 4024 1539 4094 prorsus
1575 3997 1741 4096 regulari,

292 4112 429 4187 nullam
465 4117 565 4211 ipsos
600 4117 844 4189 resistentiam
879 4116 955 4210 pati
990 4140 1074 4210 quae
1110 4113 1169 4187 vel
1205 4115 1395 4185 minimum
1434 4115 1559 4187 sentiri
1595 4131 1741 4210 potest;

289 4246 403 4327 atque
422 4233 517 4306 adeo
535 4233 749 4329 neutiquam
778 4233 814 4304 in
843 4232 1035 4305 materiam
1065 4229 1175 4302 ullam
1203 4231 1396 4314 incursare,
1416 4231 1518 4326 cujus
1547 4229 1670 4325 aliqua
1695 4231 1744 4303 sit

289 4349 348 4420 vis
379 4349 582 4435 resistendi,
602 4348 662 4422 vel
689 4349 843 4444 proinde
869 4350 971 4445 cujus
998 4347 1122 4444 aliqua
1147 4347 1196 4418 sit
1222 4347 1386 4419 densitas
1412 4371 1478 4418 seu
1506 4347 1564 4418 vis
1593 4347 1740 4422 inertiae.

293 4464 394 4535 Nam
413 4465 622 4566 resistentia
640 4466 844 4539 mediorum
863 4467 978 4539 oritur
994 4466 1053 4538 vel
1072 4466 1119 4537 ab
1147 4463 1276 4535 inertia
1302 4463 1466 4535 materiae
1490 4462 1623 4549 fluidae,
1642 4463 1701 4535 vel
1721 4490 1743 4536 a

288 4582 437 4655 defectu
464 4581 689 4657 lubricitatis
744 4584 841 4677 Quae
866 4585 980 4658 oritur
997 4610 1019 4656 a
1037 4583 1181 4655 desectu
1208 4578 1431 4663 lubricitatis
1451 4578 1653 4649 admodum
1679 4604 1742 4651 ex·

290 4701 378 4798 igua
396 4716 475 4787 est;
504 4701 647 4774 &sane
665 4702 728 4772 vix
746 4702 933 4774 observari
952 4716 1075 4796 potest
1094 4701 1129 4772 in
1149 4695 1270 4769 fluidis
1289 4693 1401 4792 vulgo
1421 4696 1526 4780 notis,
1547 4695 1615 4766 nisi
1634 4692 1743 4767 valde
