1583 1669
494 219 530 236 240
733 213 766 228 DE
776 213 845 228 MOTU
854 213 983 228 CORPORUM

493 261 604 286 rectangulis
619 261 636 280 C
641 261 667 284 D,
678 261 725 280 CH
735 262 838 285 descriptae,
848 261 963 280 occurrentia
972 261 990 280 in
1000 262 1022 283 B,
1032 262 1049 284 k,
1059 262 1071 283 l,
1081 269 1104 283 m,
1114 262 1146 281 &c
1157 262 1175 281 81
1188 263 1222 281 erit

493 291 537 309 AB
545 290 569 309 ad
578 290 615 309 Kk
623 294 644 308 ut
654 290 695 309 CK
702 291 726 309 ad
737 291 781 312 CA.
791 290 810 309 &
818 290 893 309 divisim
907 290 1012 309 AB—Kk
1024 291 1048 309 ad
1061 292 1098 310 Kk
1106 296 1126 310 ut
1138 292 1187 310 AK
1197 293 1221 310 ad

494 320 542 341 CA,
552 320 570 338 8:
579 320 660 338 vicissim
669 320 689 338 A
697 320 780 338 B-Kk
788 320 813 338 ad
822 320 842 338 A
850 320 900 338 Kut
913 320 952 338 Kk
963 320 987 338 ad
1002 320 1049 342 CA,
1060 321 1138 345 ideoque
1148 325 1168 339 ut
1176 322 1223 339 AB

499 349 552 367 ka
560 349 584 367 ad
593 349 635 367 AB
642 355 654 367 κ
662 349 704 368 CA.
732 349 795 371 Unde,
804 356 846 368 curn
855 349 903 368 Al<
910 349 928 367 81
937 349 1000 367 AB><
1008 349 1045 367 CA
1056 349 1127 371 dentur,
1137 350 1171 368 erit
1179 351 1224 369 AB

496 379 554 397 —Kk
563 382 583 397 ut
591 379 654 397 ABx
663 379 711 400 Kk:
724 378 743 397 &
751 378 821 400 ultimo,
831 378 861 396 ubi
871 382 938 397 coeunt
947 378 991 396 AB
999 378 1017 396 δι
1026 378 1067 400 Kk,
1076 383 1097 397 ut
1105 379 1166 403 ABq.
1197 379 1223 398 Et

492 407 547 426 simili
556 412 667 432 argumento
676 412 730 427 erunt
738 408 830 429 Kk—Ll,
839 407 940 429 Ll—Mm,
951 407 984 426 &c.
995 412 1015 426 ut
1023 408 1060 426 Kk
1068 408 1121 432 quael.
1131 408 1222 433 quuaa',

493 436 526 455 διε.
554 437 654 456 Linearum
670 437 726 462 igitur
740 437 760 456 A
767 437 791 458 B,
800 437 844 458 Kk,
853 436 871 454 L
878 437 891 459 l,
898 436 950 454 Mm
965 437 1055 460 quadr-ata
1068 441 1111 455 sunt
1124 441 1145 455 ut
1157 437 1221 456 earun-

492 466 536 485 dem
560 466 679 488 differentiae:
705 466 724 485 82
746 466 818 487 idcirco,
838 472 879 488 cum
901 465 992 490 quadrata
1016 465 1134 484 velocitatum
1155 466 1223 486 suerint

492 495 547 514 etiam
558 500 579 514 ut
592 495 673 520 ipsarum
686 496 799 517 differentiae,
809 495 873 515 similis
886 495 921 514 erit
933 495 1029 513 ambarum
1043 495 1151 519 progressio.
1179 496 1223 520 Quo

492 524 625 550 demonstrato,
634 531 750 549 consequens
759 529 788 544 est
799 525 855 543 etiarn
867 529 887 543 ut
901 535 916 551 1ss
973 538 976 552 ,1

492 560 541 572 areat
551 554 579 572 his
588 553 641 573 lineis
654 554 752 579 descriptae
765 554 802 573 sint
812 554 830 572 in
845 560 886 578 pro<

493 583 589 608 gressione
603 583 693 602 consimili
709 590 751 602 curn
764 583 829 608 spatiis
844 590 886 608 quae
976 553 995 609 Χ

493 612 622 631 velocitatibus
635 613 768 632 describuntur.
806 613 858 638 Ergo
870 613 886 631 si

494 641 583 661 velocitas
599 642 651 661 initio
664 643 718 667 primi
734 642 823 667 temporis
836 643 856 661 A
865 643 889 661 K
1007 632 1016 645 N
1033 649 1046 667 k

493 675 597 695 exponatur
612 678 645 696 per
658 671 725 690 lineam
738 672 759 690 A
767 672 791 693 B,
804 672 822 690 &
835 671 886 690 velo·
915 679 916 683 ¹
1040 665 1087 694 χ(μ’

493 700 539 719 citas
553 700 605 719 initio
619 701 696 719 secundi
710 701 755 719 KL
770 707 804 725 per
818 700 886 720 lineam
1075 696 1130 722 [N
1182 719 1194 730 G

493 729 517 748 K
519 730 538 752 k,
562 729 580 748 8:
600 729 697 754 longitudo
720 730 780 754 primo
802 734 886 755 tempore
1075 723 1077 727 ι
1140 722 1183 733 Χ’
1195 735 1204 737 “

492 758 586 783 descripta
595 765 629 783 per
642 765 704 777 aream
717 759 737 777 A
746 759 770 777 K
772 759 785 777 k
791 760 811 777 B
815 767 823 781 ,¹
835 759 885 778 velo·
1184 733 1194 785 l

906 787 916 799 ο
1013 788 1025 798 Α
1056 794 1059 798 2
1113 786 1125 798 Τ
1181 786 1196 801 ῐῑ

493 788 558 806 citates
575 794 640 806 omnes
660 788 796 812 subsequentes
816 794 885 812 expon-

492 821 547 836 entur
568 823 602 841 per
622 817 680 836 lineas
701 816 837 841 subsequentes
858 817 876 836 L
886 817 897 839 l,
923 818 952 836 M
957 824 980 839 m,
1001 817 1034 836 διο.
1057 817 1075 836 &
1096 817 1222 842 longitudines

492 846 590 870 descriptae
603 852 637 870 per
649 852 702 864 areas
714 846 739 864 K
740 846 752 867 l,
765 846 810 868 Lm,
825 846 857 865 &c-
888 847 914 865 Et
927 847 1033 871 composite,
1047 847 1062 865 si
1075 851 1148 871 tempus
1162 851 1222 866 totum

492 879 597 900 exponatur
618 881 652 899 per
672 881 763 893 summam
787 876 867 900 partium
886 882 960 894 suarum
984 876 1044 897 AM
1062 875 1159 900 longitudo
1181 881 1221 895 tnta

492 904 585 928 descrin
594 908 697 928 exponetur
705 910 739 928 per
747 911 838 923 summam
852 905 932 929 partium
945 911 1019 923 suarum
1031 905 1051 923 A
1057 904 1086 923 M
1089 911 1107 923 m
1114 905 1137 923 B.
1172 906 1221 924 Con-

492 933 533 958 cipe
539 933 579 958 jam
589 937 662 958 ternpus
673 933 730 952 AM
738 934 763 952 ita
777 934 835 952 dividi
850 934 868 952 in
883 938 945 958 partes
959 934 1012 955 ΑΚ,
1024 933 1074 955 KL,
1089 934 1143 955 LM,
1153 934 1185 953 δια.
1201 939 1221 953 ut

492 962 529 981 sint
537 963 584 984 CA.
596 963 642 984 CK,
653 963 697 984 CL,
709 963 758 984 CM,
769 963 801 982 &e
816 963 834 982 in
850 963 980 988 progressione
993 963 1115 987 geometrica;
1134 963 1152 981 δι
1167 968 1222 982 erunt

492 995 554 1016 partes
564 991 599 1010 illae
609 992 627 1010 in
636 992 702 1010 eadem
713 992 847 1017 progressione,
858 993 876 1011 ἃ
889 992 996 1011 velocitates
1009 992 1029 1010 A
1036 992 1060 1013 B,
1069 992 1093 1010 K
1095 991 1112 1013 k,
1122 992 1139 1010 L
1146 992 1158 1013 l,
1167 992 1195 1010 M
1198 999 1221 1014 m,

492 1021 525 1040 &c.
535 1021 553 1039 in
568 1021 698 1046 progressione
711 1021 776 1040 eadem
791 1022 869 1043 inversa,
878 1025 935 1046 atque
948 1021 1008 1045 spatia
1021 1021 1113 1045 descripta
1127 1021 1147 1039 A
1154 1021 1170 1042 k,
1180 1021 1204 1039 K
1207 1022 1220 1044 l,

491 1051 509 1069 L
516 1057 539 1072 m,
550 1050 582 1069 &c.
593 1050 676 1075 aequalia.
704 1051 754 1073 QE.
759 1051 784 1069 D.

527 1080 586 1099 Carol.
602 1086 616 1098 1.
637 1080 690 1099 Patet
705 1086 750 1105 ergo
763 1080 819 1104 quod,
834 1080 850 1098 si
866 1084 939 1104 tempus
954 1083 1058 1104 exponatur
1072 1085 1106 1103 per
1120 1080 1220 1103 asymptoti

492 1113 564 1133 partem
579 1109 665 1133 quamvis
680 1110 700 1127 A
708 1109 734 1131 D,
746 1109 764 1128 δι
778 1109 866 1128 velocitas
882 1109 900 1127 in
916 1109 1006 1133 principio
1021 1108 1109 1132 temporis
1123 1114 1157 1132 per
1171 1108 1219 1126 ordi-

492 1138 549 1157 natim
565 1138 675 1163 applicatam
690 1139 711 1157 A
719 1139 751 1160 B,-
769 1138 858 1157 velocitas
874 1138 891 1156 in
908 1138 945 1156 fine
962 1137 1050 1162 temporis
1067 1141 1170 1161 exponetur
1187 1144 1221 1161 per

491 1168 595 1187 ordinatam
610 1168 661 1189 DG,
673 1168 692 1186 &
705 1168 785 1192 spatium
800 1172 859 1186 totum
873 1167 985 1191 descriptum
1001 1173 1035 1191 per
1049 1173 1111 1185 aream
1127 1166 1219 1190 hyperbo-

490 1196 544 1216 licam
559 1197 674 1222 adjacentem
686 1197 707 1215 A
715 1197 760 1215 BG
764 1197 795 1218 D
794 1204 798 1208 ’
811 1203 882 1215 necnon
896 1197 981 1221 spatium,
996 1196 1047 1220 quod
1062 1201 1128 1219 eorpus
1143 1194 1219 1218 aliquod

490 1226 557 1245 eodem
567 1231 650 1251 tempore
658 1227 679 1245 A
687 1226 713 1248 D,
723 1226 821 1245 velocitate
834 1226 893 1250 prima
906 1226 926 1244 A
933 1226 956 1247 B,
967 1225 985 1243 in
999 1225 1060 1243 medio
1072 1229 1107 1242 non
1121 1223 1219 1241 resistente

490 1255 595 1274 describere
603 1260 671 1280 posset,
681 1262 715 1280 per
723 1255 850 1280 rectangulum
859 1255 879 1273 A
887 1255 907 1273 B
913 1261 925 1273 ><
932 1255 952 1273 A
959 1255 985 1273 D.

525 1285 583 1303 Carol.
602 1291 617 1304 2
639 1285 696 1303 Unde
710 1285 765 1303 datur
779 1284 859 1308 spatium
875 1284 893 1302 in
911 1284 973 1302 medio
990 1282 1086 1301 resistente
1100 1279 1217 1303 descriptum

489 1313 580 1338 capiendo
596 1313 639 1333 illud
655 1314 679 1333 ad
694 1314 774 1338 spatium
790 1313 841 1338 quod
854 1313 952 1332 velocitate
967 1310 1051 1331 uniformi
1064 1309 1084 1328 Α
1092 1309 1112 1327 Β
1125 1309 1142 1327 in
1156 1308 1219 1327 medio
