4110 5782
708 390 851 449 arnan
875 388 1075 448 Tanarus
1545 393 1614 482 481

166 588 260 661 inira
271 589 410 686 jovem.
468 587 583 661 Unde
609 609 840 681 consequens
871 597 929 656 est
959 582 1059 678 quod
1091 582 1126 654 in
1156 583 1327 681 perigaeis
1359 582 1395 656 &
1425 586 1619 680 periheliis,

166 706 228 779 ubi
260 705 411 802 propius
442 705 588 791 adsunt,
607 703 840 778 descendunt
864 701 1001 796 saepius
1033 699 1126 773 insra
1155 702 1264 774 orbes
1296 702 1422 774 martis
1441 702 1476 776 81
1498 704 1619 779 inferi-

37 873 40 879 ι
167 850 273 898 orum
292 823 533 919 planetarum.

235 941 485 1016 Confirmatur
502 941 613 1014 etiam
628 937 883 1036 propinquitas
901 951 1128 1010 cometarum
1140 961 1186 1008 ex
1204 934 1285 1009 luce
1298 937 1469 1033 capitum.
1519 938 1620 1012 Nam

166 1059 328 1156 corporis
355 1056 515 1131 coelestis
537 1083 560 1129 a
577 1053 656 1129 sole
683 1053 850 1127 illustrati
880 1051 978 1125 &in
1007 1053 1176 1150 regiones
1203 1051 1424 1151 longinquas
1450 1055 1621 1129 abeuntis

165 1176 381 1248 diminuitur
398 1173 575 1270 splendor
597 1173 632 1244 in
660 1168 940 1268 quadruplicata
966 1170 1108 1242 ratione
1134 1169 1343 1243 distantiae:
1370 1171 1406 1243 in
1435 1169 1621 1267 duplicata

166 1292 308 1365 ratione
342 1290 516 1365 videlicet
546 1289 595 1363 ob
630 1302 776 1360 auctam
807 1284 970 1381 corporis
997 1286 1211 1359 distantiam
1241 1314 1264 1360 a
1293 1288 1382 1378 sole,
1415 1288 1451 1361 &
1482 1289 1518 1361 in
1550 1288 1622 1362 alia

165 1408 352 1505 duplicata
380 1409 522 1482 ratione
550 1406 599 1481 ob
627 1405 846 1477 diminutam
876 1403 1098 1475 diametrum
1126 1421 1376 1501 apparentem.
1445 1407 1559 1480 Unde
1590 1409 1620 1481 si

165 1526 337 1599 detur&
366 1523 457 1598 lucis
488 1524 675 1622 quantitas
706 1521 743 1594 81
774 1546 957 1617 apparens
989 1521 1170 1595 diameter
1196 1537 1351 1596 cometae
1374 1524 1522 1597 dabitur
1546 1525 1619 1598 dis-

165 1644 290 1727 tantia,
310 1643 469 1715 dicendo
497 1641 597 1738 quod
628 1640 803 1712 distantia
830 1639 879 1711 sit
907 1639 955 1711 ad
985 1638 1197 1711 distantiam
1225 1637 1385 1735 planetae
1416 1642 1452 1713 in
1480 1642 1621 1716 ratione

167 1877 322 1951 inverse.
377 1876 440 1951 Sic
458 1877 610 1949 minima
627 1873 789 1972 capillitii
807 1889 962 1947 cometae
980 1872 1066 1945 anni
1091 1876 1181 1945 1682
1202 1873 1391 1959 diameter,
1407 1900 1474 1970 per
1491 1877 1621 1948 tubum

166 1993 330 2089 opticum
364 1994 553 2068 sexdecim
588 1993 726 2090 pedum
767 2017 790 2064 a
823 1991 1046 2064 Flamrtcdzb
1085 1991 1283 2065 observata
1314 1989 1350 2062 &
1386 1995 1620 2066 micrometro

167 2126 388 2196 mensurata,
424 2110 598 2207 aequabat
633 2107 669 2182 2'
701 2108 773 2198 0'';
817 2105 968 2180 nucleus
1003 2123 1128 2180 autem
1171 2132 1238 2180 seu
1276 2104 1381 2179 stella
1425 2108 1461 2179 in
1497 2110 1621 2184 medio

167 2227 296 2323 capitis
331 2228 395 2301 vix
430 2227 612 2300 decimam
648 2241 792 2322 partem
827 2223 1032 2297 latitudinis
1066 2224 1175 2322 hujus
1209 2225 1423 2320 occupabat,
1460 2226 1621 2321 ideoque

166 2341 241 2416 lata
257 2360 337 2418 erat
354 2361 497 2418 tantum
521 2343 589 2416 11''
607 2341 668 2417 vel
692 2341 770 2416 12'‘.
834 2342 935 2416 Luce
965 2368 1056 2416 vero
1084 2341 1120 2414 ἃ
1147 2341 1312 2415 claritate
1338 2343 1467 2438 capitis
1493 2368 1620 2438 super·

166 2462 254 2535 abat
271 2480 381 2559 caput
398 2477 553 2537 cometae
579 2461 666 2534 anni
698 2463 801 2548 1680,
820 2458 1020 2557 stellasque
1046 2460 1174 2556 primae
1200 2456 1260 2531 vel
1287 2460 1462 2532 secundae
1481 2461 1621 2557 magni-

166 2581 305 2653 tudinis
339 2579 589 2655 aemulabatur.
672 2579 857 2653 Ponamus
892 2594 1083 2652 saturnum
1125 2602 1208 2650 curn
1242 2574 1379 2651 annulo
1413 2603 1481 2651 suo
1517 2579 1621 2673 quasi

166 2695 374 2794 quadruplo
404 2695 618 2770 lucidiorem
647 2695 786 2770 fuisse:
829 2695 865 2768 &
895 2696 1071 2792 quoniam
1101 2693 1165 2767 lux
1195 2692 1319 2766 annuli
1351 2695 1621 2791 propemodum

167 2814 340 2910 aequabat
357 2811 476 2886 lucem
493 2810 594 2909 globi
615 2813 831 2899 intermedii,
852 2811 888 2885 &
914 2813 1094 2886 diameter
1119 2836 1302 2907 apparens
1327 2810 1429 2908 globi
1451 2812 1499 2885 sit
1517 2813 1622 2909 quasi

169 2929 241 3002 21'‘
277 2931 436 3026 ideoque
470 2926 533 3000 lux
568 2927 668 3026 globi
701 2927 737 3001 &
767 2928 892 3001 annuli
924 2930 1147 3028 conjunctim
1179 2944 1344 3024 aequaret
1370 2927 1490 3003 lucem
1517 2919 1619 3028 globi

167 3048 270 3145 cujus
288 3046 469 3118 diameter
485 3060 584 3118 esset
603 3043 685 3137 30'',
713 3045 783 3118 erit
800 3046 976 3120 distantia
994 3062 1148 3121 cometae
1167 3046 1214 3119 ad
1238 3046 1452 3119 distantiam
1480 3049 1619 3120 saturni

167 3178 209 3236 ut
245 3187 257 3234 1
293 3163 341 3236 ad
380 3160 422 3254 ss
432 3186 456 3255 4
488 3161 634 3235 inverse
663 3161 700 3234 8c
733 3160 802 3234 12''
832 3163 881 3235 ad
914 3162 985 3256 30'l
1017 3164 1166 3253 directe,
1192 3163 1230 3236 id
1257 3180 1324 3252 est,
1353 3180 1394 3237 ut
1424 3189 1470 3256 24
1497 3164 1545 3236 ad
1573 3189 1621 3258 30

166 3306 232 3352 seu
251 3304 274 3372 4
293 3280 341 3352 ad
363 3300 393 3373 5.
450 3281 595 3352 Rursus
626 3295 771 3353 cometa
799 3281 886 3352 anni
921 3287 1013 3374 1665
1046 3307 1174 3355 mense
1205 3281 1319 3378 aprili,
1338 3299 1379 3353 ut
1409 3295 1537 3353 auctor
1563 3297 1622 3354 est

166 3399 353 3484 Hevelz'us,
372 3397 536 3471 claritate
562 3422 630 3470 sua
655 3422 752 3492 pene
778 3396 871 3470 fixas
896 3422 1026 3470 omnes
1053 3399 1260 3493 superabat,
1280 3398 1481 3493 quinetiam
1501 3398 1622 3492 ipsum

167 3530 367 3600 saturnum,
400 3516 540 3588 ratione
572 3513 704 3588 coloris
735 3513 910 3587 videlicet
939 3511 1051 3610 longe
1082 3514 1282 3586 vividioris.
1351 3513 1503 3609 Quippe
1534 3511 1620 3586 luci-

167 3629 249 3701 dior
266 3646 344 3702 erat
367 3630 426 3702 hic
457 3648 600 3703 cometa
626 3629 743 3703 altero
770 3628 840 3715 illo,
860 3630 922 3725 qui
955 3631 989 3701 in
1020 3629 1092 3702 fine
1120 3631 1205 3702 anni
1237 3630 1481 3725 praecedentis
1508 3657 1621 3728 appa-

168 3760 301 3831 ruerat,
334 3744 370 3817 &
400 3769 484 3817 curn
513 3744 628 3818 stellis
659 3748 789 3842 primae
815 3746 1080 3842 magnitudinis
1110 3745 1374 3821 conferebatur.
1444 3747 1622 3822 Latitudo

168 3858 329 3955 capillitii
365 3878 444 3935 erat
477 3863 582 3958 quasi
618 3861 663 3949 6',
699 3879 738 3936 at
780 3862 930 3936 nucleus
973 3889 1056 3936 cum
1099 3861 1257 3958 planetis
1292 3889 1363 3958 ope
1398 3864 1475 3937 tubi
1511 3867 1621 3960 optici

167 3977 320 4052 collatus
351 3977 461 4075 plane
491 3979 612 4052 minor
642 3994 721 4052 erat
746 3981 846 4077 jove,
878 3980 913 4053 &
944 4006 1041 4053 nunc
1070 3982 1189 4054 minor
1218 4006 1372 4076 corpore
1404 3982 1622 4059 intermedio

168 4097 317 4181 saturni,
340 4120 436 4168 nunc
468 4095 536 4190 ipsi
567 4094 721 4190 aequalis
743 4097 987 4193 judicabatur.
1045 4097 1159 4171 Porro
1186 4123 1270 4170 cum
1299 4099 1481 4173 diameter
1510 4101 1620 4197 capil-

169 4209 234 4284 litii
270 4229 496 4285 cometarum
533 4237 614 4286 raro
645 4228 795 4309 superet
826 4212 861 4285 8'
887 4211 947 4286 vel
980 4212 1047 4303 12',
1080 4215 1261 4287 diameter
1285 4240 1375 4288 vero
1406 4214 1523 4289 nuclei
1555 4243 1620 4290 seu

168 4325 284 4400 stellae
302 4327 473 4401 centralis
491 4329 539 4401 sit
557 4331 662 4425 quasi
680 4330 825 4403 decima
851 4327 909 4402 vel
939 4329 1033 4403 forte
1059 4331 1203 4403 decima
1224 4331 1353 4426 quinta
1379 4356 1464 4427 pars
1482 4334 1621 4409 diame-

168 4445 212 4516 tri
232 4443 404 4540 capillitii,
424 4460 527 4540 patet
552 4445 676 4519 stellas
707 4447 817 4519 hasce
836 4462 875 4518 ut
894 4444 1090 4541 plurimum
1109 4448 1275 4544 ejusdem
1302 4473 1384 4521 esse
1410 4453 1622 4545 apparentis

169 4563 432 4661 magnitudinis
451 4589 534 4636 cum
553 4562 718 4660 planetis.
776 4564 890 4637 Unde
914 4590 997 4636 curn
1024 4562 1086 4636 lux
1113 4590 1240 4637 earum
1267 4590 1349 4637 cum
1377 4564 1456 4639 luce
1483 4571 1621 4642 saturni

169 4705 241 4753 non
287 4707 370 4754 raro
413 4680 568 4755 conferri
603 4683 721 4779 possit
751 4706 908 4777 eamque
943 4680 1143 4777 aliquando
1182 4695 1340 4777 superet,
1386 4683 1620 4758 manifestum

824 4822 842 4869 2
873 4822 899 4869 H
