4088 5768
868 343 1008 403 LIBER
1029 342 1212 402 PRIMUS.
1695 365 1761 437 ¹93

293 541 397 617 nihili
427 540 496 629 sit;
536 537 707 612 nimirum
738 537 847 612 orbes
883 553 1159 626 evanescentes,
1190 560 1239 609 ex
1275 536 1410 632 quibus
1444 534 1592 632 sphaera
1626 535 1756 614 ultimo

292 673 448 745 constat,
467 657 529 731 ubi
556 657 700 732 orbium
727 653 871 728 illorum
897 680 1071 728 numerus
1097 652 1317 752 augetur&
1348 652 1554 726 crassitudo
1580 654 1757 729 minuitur

293 777 332 850 in
361 776 554 850 infinitum.
609 772 786 847 Similiter
813 798 881 868 per
907 788 1053 869 puncta,
1081 798 1129 845 ex
1157 772 1290 868 quibus
1320 770 1437 857 lineae,
1465 770 1690 867 superficies,
1719 772 1756 845 81

289 893 412 968 solida
436 893 608 988 componi
636 891 816 977 dicuntur,
844 889 1095 988 intelligendae
1120 906 1208 963 sunt
1233 888 1422 985 particulae
1453 887 1618 985 aequales
1651 915 1753 988 mag-

292 1009 471 1083 nitudinis
489 1007 780 1083 contemnendae.

356 1354 731 1429 PROPOSITIO
777 1352 992 1428 LXXIV.
1062 1351 1417 1427 THEOREMA
1466 1350 1684 1424 XXXIV.

288 1552 428 1626 Itidem
461 1552 605 1649 positus,
640 1551 716 1624 dr'co
749 1551 849 1648 quod
877 1552 1128 1647 corpusculum
1162 1559 1269 1624 arira
1302 1549 1483 1645 splraeram
1517 1548 1754 1623 constiturum

341 1684 555 1758 attrahitur
583 1684 624 1757 ui
654 1683 827 1781 reciproce
849 1684 1130 1784 proportionali
1159 1684 1342 1781 quadrato
1374 1684 1562 1758 derranu’ae
1592 1709 1668 1758 suoe
1707 1686 1754 1758 ab

346 1818 464 1914 ipsius
478 1828 607 1893 centro.

365 2048 467 2122 Nam
506 2049 755 2148 distinguatur
795 2051 944 2147 sphaera
986 2052 1023 2125 in
1057 2051 1270 2147 superficies
1305 2052 1504 2148 sphaericas
1539 2053 1751 2127 innumeras

288 2167 550 2254 concentricaS,
571 2167 607 2240 8ι
632 2169 869 2243 attractiones
895 2168 1099 2266 corpusculi
1126 2195 1148 2242 a
1174 2169 1329 2268 singulis
1346 2170 1610 2266 superficiebus
1628 2173 1749 2245 oriun-

289 2285 353 2359 dae
387 2301 495 2359 erunt
528 2286 714 2380 reciproce
748 2285 1041 2383 proportionales
1072 2286 1256 2383 quadrato
1281 2287 1467 2361 distantiae
1494 2288 1699 2384 corpusculi
1729 2317 1753 2363 a

291 2417 422 2477 centro
442 2402 524 2501 (per
540 2429 643 2499 prop.
665 2403 784 2502 Lxru).
858 2403 911 2478 Et
936 2404 1195 2499 componendo
1221 2403 1285 2477 fiet
1310 2429 1456 2476 summa
1481 2406 1750 2492 attractionum

292 2521 366 2595 hoc
396 2536 454 2594 est
482 2521 651 2595 attractio
680 2519 887 2618 corpusculi
917 2521 954 2594 in
985 2521 1171 2616 sphaeram
1198 2536 1324 2607 totam,
1353 2521 1389 2594 in
1425 2521 1557 2595 eadem
1592 2522 1745 2596 ratione.

296 2636 455 2728 Q.E.l).

366 2755 482 2828 Corol.
518 2779 546 2829 1.
578 2754 680 2828 Hinc
713 2754 749 2828 in
780 2754 984 2851 aequalibus
1012 2755 1196 2828 distantiis
1226 2781 1249 2828 a
1276 2756 1411 2829 centris
1437 2755 1752 2855 homogenearum

290 2870 523 2968 sphaerarum
553 2873 790 2945 attractiones
820 2888 908 2947 sunt
937 2887 979 2945 ut
1007 2873 1173 2968 sphaerae.
1259 2873 1359 2945 Nam
1388 2871 1470 2970 (per
1495 2898 1598 2969 prop.
1627 2876 1749 2972 Lxxrr)

290 2988 324 3062 si
354 2988 540 3062 distantiae
569 3003 657 3061 sunt
690 2988 982 3085 proportionales
1017 2989 1206 3063 diametris
1241 2989 1479 3085 sphaerarum
1511 2991 1610 3064 vires
1645 3006 1754 3064 erunt

291 3120 336 3178 ut
362 3105 542 3179 diametri.
599 3106 792 3180 Minuatur
818 3106 993 3178 distantia
1020 3108 1138 3204 major
1163 3106 1200 3179 in
1227 3105 1288 3179 illa
1314 3106 1476 3193 ratione;
1503 3107 1547 3193 dr,
1567 3108 1752 3183 distantiis

284 3224 369 3321 jam
398 3223 504 3296 sactis
535 3222 749 3319 aequalibuS,
780 3222 975 3320 augebitur
1008 3223 1177 3296 attractio
1212 3223 1248 3295 in
1279 3222 1466 3319 duplicata
1496 3223 1556 3297 illa
1588 3226 1751 3313 ratione;

290 3340 453 3438 ideoque
471 3341 541 3414 erit
556 3340 605 3413 ad
623 3341 878 3415 attractionem
896 3337 1049 3412 alteram
1067 3339 1105 3411 in
1132 3339 1313 3435 triplicata
1338 3339 1400 3413 illa
1425 3341 1576 3427 ratione,
1596 3343 1667 3416 hoc
1685 3359 1750 3427 est,
1880 3378 1884 3387 ·

292 3458 331 3530 in
350 3456 493 3532 ratione
510 3455 748 3553 sphaerarum.

365 3573 482 3649 Corol.
514 3598 545 3647 2.
578 3573 622 3646 In
657 3572 840 3646 distantiis
875 3574 1067 3670 quibusvis
1102 3577 1339 3650 attractiones
1381 3592 1469 3651 sunt
1511 3594 1552 3651 ut
1594 3577 1751 3674 sphaerae

291 3689 489 3788 applicatae
506 3691 554 3764 ad
572 3691 753 3787 quadrata
770 3690 1036 3764 distantiarum.

364 3806 482 3880 Corol.
513 3831 544 3900 3.
573 3807 614 3879 Si
642 3805 907 3903 corpusculum,
934 3824 1039 3881 extra
1067 3808 1252 3904 sphaeram
1279 3808 1550 3908 homogeneam
1578 3813 1750 3908 positum,

291 3922 452 3997 trahitur
476 3923 514 3997 vi
541 3924 726 4020 reciproce
752 3924 1014 4021 proportionali
1042 3926 1224 4022 quadrato
1247 3927 1432 4000 distantiae
1459 3953 1537 4002 suae
1563 3929 1611 4002 ab
1638 3928 1753 4025 ipsius

291 4055 432 4127 centro,
450 4055 595 4115 constet
620 4056 745 4114 autem
770 4040 919 4137 sphaera
943 4066 991 4115 ex
1016 4041 1202 4139 particulis
1231 4043 1454 4131 attractivis;
1481 4044 1671 4120 decrescet
1696 4046 1753 4117 vis

291 4153 483 4255 particulae
501 4157 680 4254 cujusque
698 4157 735 4231 in
754 4155 940 4254 duplicata
958 4160 1099 4234 ratione
1116 4161 1303 4234 distantiae
1320 4185 1344 4233 a
1360 4159 1548 4258 particula.

389 4417 764 4494 PROPOSITIO
811 4419 997 4493 LXXV.
1071 4418 1425 4494 THEOREMA
1472 4420 1667 4495 XXXV.

290 4640 344 4715 Si
366 4640 423 4713 ad
442 4639 594 4736 sphoerae
618 4637 715 4712 dato
728 4640 873 4734 punctu
898 4637 1049 4735 ringula
1076 4637 1228 4710 tardant
1253 4635 1349 4710 uires
1371 4637 1525 4733 (equales
1543 4637 1754 4735 crumperet,

342 4773 571 4849 domemus
597 4774 638 4847 iu
662 4773 851 4870 duplicata
878 4773 1021 4847 rotrone
1042 4770 1308 4844 dr'stantr'arum
1326 4795 1350 4842 u
1358 4769 1512 4865 punctis
1521 4802 1536 4856 ;
1561 4770 1638 4845 dico
1663 4768 1763 4865 quod

1018 4894 1044 4943 u
