4088 5768
843 412 985 470 ureae
1009 412 1210 473 renerus,
1682 441 1751 511 491

296 606 504 704 gitudinem
522 605 558 679 in
578 619 755 705 tangente
772 606 1006 704 descriptam,
1026 623 1067 681 ut
1084 608 1118 680 S
1125 639 1150 691 μ
1167 608 1216 681 ad
1234 609 1268 681 S
1269 609 1324 682 N.
1382 609 1502 708 Igitur
1519 611 1606 684 Ac
1621 611 1658 686 &
1675 611 1753 689 lon-

295 724 428 823 gitudo
458 725 527 797 hac
555 749 653 798 nova
684 722 876 799 velocitate
904 725 1100 823 descripta,
1129 753 1212 800 cum
1241 726 1316 800 sint
1338 727 1386 800 ad
1415 726 1686 827 longitudinem
1718 733 1754 805 in

297 856 474 940 tangente
492 841 715 937 descriptam
734 842 770 914 in
789 843 922 916 eadem
941 844 1092 931 ratione,
1112 860 1311 941 aequantur
1328 845 1423 918 inter
1436 872 1486 919 se.
1542 847 1587 937 Q.
1595 848 1644 920 E.
1652 849 1702 923 J).

211 1066 215 1074 Ι
366 960 483 1034 Corel.
515 960 672 1033 Cometa
690 959 803 1057 igitur
819 985 864 1033 ea
881 986 966 1033 cum
992 959 1198 1049 velocitate,
1218 987 1330 1058 quam
1356 963 1470 1037 habet
1497 964 1532 1037 in
1560 963 1754 1041 altitudine

297 1077 331 1149 S
337 1077 471 1165 nhil
478 1106 512 1167 μ,
532 1077 665 1152 eodem
683 1092 852 1174 tempore
871 1077 1097 1153 describeret
1114 1078 1292 1153 chordam
1310 1082 1351 1154 A
1368 1082 1402 1155 C
1416 1084 1707 1179 quamproxime.

802 1360 1077 1434 LEMMA
1141 1363 1242 1438 XI.

362 1578 411 1651 Si
432 1585 564 1650 corneto
588 1585 689 1650 motu
714 1575 818 1648 ouini
834 1575 1014 1672 priuatus
1043 1576 1086 1649 de
1109 1577 1310 1651 altitudine
1338 1577 1365 1652 S
1390 1578 1426 1651 N
1454 1606 1516 1654 reu
1548 1581 1686 1663 Su÷l
1700 1583 1714 1655 l
1728 1613 1753 1665 μ

293 1695 551 1781 demitteretur,
583 1704 628 1767 ut
658 1693 800 1768 caderet
824 1694 864 1767 iu
898 1694 1013 1781 solem,
1043 1696 1092 1772 dt
1116 1720 1156 1767 en
1181 1704 1319 1789 suuper
1342 1695 1382 1766 vi
1404 1695 1648 1791 uniformiter
1671 1726 1752 1773 con·

294 1813 442 1885 tenuata
476 1822 675 1910 urgeretur
706 1812 747 1884 in
781 1812 897 1898 solem,
932 1836 1008 1907 qua
1041 1821 1200 1908 urgetur
1223 1812 1289 1885 sub
1323 1812 1455 1899 enituit,-
1493 1814 1588 1887 idem
1616 1817 1756 1890 seruasse

294 1931 474 2028 temporis,
492 1956 562 2028 que
579 1931 618 2005 iu
637 1930 719 2003 orbe
733 1954 798 2004 sne
822 1928 999 2002 describat
1022 1953 1151 2001 arcum
1169 1928 1206 2001 A
1222 1928 1265 2019 C,
1283 1928 1447 2003 descensu
1464 1956 1529 2005 seeo
1545 1931 1755 2006 describeret

292 2048 454 2144 spatium
471 2048 702 2146 longitudini
719 2050 735 2122 Ι
751 2076 776 2129 μ
792 2048 935 2144 equale.

363 2262 465 2336 Nam
499 2278 654 2349 cometa,
677 2287 753 2359 quo
790 2277 958 2358 tempore
992 2261 1177 2335 describat
1210 2286 1337 2336 arcum
1371 2259 1624 2357 parabolicum
1651 2262 1692 2334 A
1709 2261 1749 2348 C,

293 2380 427 2454 eodem
444 2395 613 2477 tempore
630 2405 675 2454 ea
692 2404 776 2452 cum
802 2377 1012 2468 velocitate,
1029 2404 1141 2474 quam
1167 2378 1281 2452 habet
1298 2380 1335 2453 in
1354 2377 1548 2452 altitudine
1572 2379 1606 2451 S
1612 2380 1651 2452 P
1670 2377 1752 2477 (per

293 2494 431 2571 lemma
458 2496 716 2596 novissimum)
745 2496 931 2571 describet
956 2495 1133 2571 chordam
1160 2495 1256 2582 Ac,
1289 2495 1449 2592 ideoque
1477 2495 1559 2593 (per
1584 2493 1692 2570 corol.
1730 2515 1749 2588 7

293 2639 397 2711 prop.
418 2638 483 2687 xv1
501 2612 561 2689 lib.
588 2614 621 2714 ι)
641 2615 775 2689 eodem
798 2629 967 2710 tempore
993 2614 1029 2687 in
1056 2612 1201 2701 circulo
1221 2615 1324 2712 cujus
1350 2613 1626 2688 semidiameter
1651 2629 1752 2688 esset

294 2731 328 2803 S
335 2732 381 2818 P,
400 2732 437 2805 vi
455 2733 649 2831 gravitatis
666 2758 744 2806 suae
767 2728 996 2805 revolvendo
1022 2731 1249 2805 describeret
1273 2756 1410 2818 arcum,
1429 2731 1533 2829 cujus
1558 2728 1753 2829 longitudo

292 2863 393 2921 esset
434 2849 483 2922 ad
517 2875 623 2923 arcus
660 2846 859 2946 parabolici
894 2848 1070 2922 chordam
1106 2849 1205 2923 Ac
1236 2850 1273 2922 in
1308 2847 1566 2945 subduplicata
1608 2848 1751 2922 ratione

292 2966 444 3040 unitatis
460 2967 509 3040 ad
527 2967 718 3041 binarium.
775 2965 828 3039 Et
852 2982 1050 3062 propterea
1077 2993 1123 3041 eo
1149 2991 1233 3039 cum
1259 2966 1434 3063 pondere,
1454 2966 1556 3062 quod
1582 2965 1696 3039 habet
1713 2965 1750 3039 in

292 3082 409 3159 solem
428 3085 465 3157 in
489 3083 683 3158 altitudine
710 3085 744 3156 S
751 3085 797 3170 P,
817 3083 985 3158 cadendo
1011 3084 1059 3157 de
1084 3082 1280 3158 altitudine
1308 3082 1369 3157 illa
1400 3083 1436 3155 in
1467 3081 1594 3188 solem,
1613 3083 1750 3165 descri-

292 3200 398 3275 beret
424 3202 578 3276 semisse
609 3201 786 3298 temporis
814 3198 909 3274 illius
935 3199 1017 3299 (per
1041 3199 1149 3275 corol.
1185 3225 1207 3294 9
1234 3227 1337 3298 prop.
1368 3197 1493 3274 1vlib.
1528 3197 1561 3296 1)
1589 3200 1750 3295 spatium

292 3319 436 3417 aequale
469 3318 651 3417 quadrato
685 3317 849 3393 semissis
883 3318 1033 3393 chordae
1068 3317 1162 3393 illius
1202 3317 1388 3415 applicato
1418 3317 1466 3390 ad
1504 3314 1749 3413 quadruplum

291 3459 496 3574 altitudinis
514 3500 548 3572 S
557 3501 603 3585 P,
624 3499 661 3572 id
684 3513 751 3585 est,
770 3498 930 3593 spatium
948 3436 1075 3654 ἕξ).
1133 3496 1249 3569 Unde
1266 3519 1351 3569 cum
1372 3493 1520 3590 pondus
1538 3507 1694 3568 cometae
1712 3494 1748 3567 in

291 3678 411 3754 solem
430 3681 466 3754 in
484 3678 680 3753 altitudine
705 3680 739 3753 S
746 3679 798 3752 N
814 3679 862 3751 sit
887 3679 935 3752 ad
963 3679 1077 3774 ipsius
1104 3676 1251 3774 pondus
1278 3677 1315 3749 in
1341 3673 1459 3750 solem
1490 3675 1527 3748 in
1554 3673 1749 3751 altitudine

292 3798 326 3871 S
336 3799 382 3884 P,
402 3814 443 3871 ut
471 3799 505 3870 S
514 3799 552 3870 P
578 3796 627 3869 ad
654 3797 688 3870 S
697 3824 746 3878 u:
773 3809 918 3870 cometa
943 3794 1109 3891 pondere
1126 3793 1228 3889 quod
1254 3793 1367 3867 habet
1385 3792 1421 3865 in
1449 3789 1642 3868 altitudine
1660 3795 1694 3868 S
1701 3795 1753 3867 N

290 3977 424 4052 eodem
454 3992 632 4075 tempore,
652 3975 689 4048 in
719 3973 835 4050 solem
867 3974 1045 4060 cadendo,
1064 3972 1239 4047 describit
1264 3973 1425 4070 spatium
1453 3910 1583 4129 ἴ-ἔὲ,
1613 3972 1650 4045 id
1678 3988 1745 4059 est,

290 4161 450 4258 spatium
468 4159 688 4259 longitudini
706 4160 735 4232 l
742 4188 767 4241 μ
784 4156 844 4232 vel
862 4159 919 4230 M
922 4188 947 4241 μ
964 4155 1115 4254 aequale.
1171 4156 1215 4246 Q.
1223 4157 1272 4230 E.
1280 4157 1330 4229 D.
