4110 5782
752 455 894 515 tinen
919 455 1118 515 rannus,
1587 481 1636 548 40
1640 482 1659 551 3

205 653 386 752 Ejusdem
415 651 608 726 densitatis
632 676 714 724 esse
742 651 835 735 dico,
855 676 1010 747 quarum
1037 650 1135 723 vires
1165 650 1305 723 inertiae
1336 667 1423 724 sunt
1451 668 1492 725 ut
1521 656 1661 752 magni-

203 771 360 844 tudines

245 933 252 946 ·
273 891 390 962 Caral.
422 911 453 982 5.
483 889 552 960 Vis
575 888 768 986 gravitatis
786 887 923 959 diversi
942 901 999 959 est
1023 888 1171 983 generis
1189 914 1212 959 a
1229 887 1266 959 vi
1286 889 1502 985 magnetica.
1560 890 1660 962 Nam

201 1007 370 1080 attractio
389 1005 597 1102 magnetica
615 1029 689 1077 non
703 1021 760 1078 est
774 1020 814 1076 ut
832 1002 985 1075 materia
1002 1018 1165 1076 attracta.
1223 1004 1389 1099 Corpora
1402 1004 1525 1102 aliqua
1543 1008 1661 1104 magis

202 1123 403 1208 trahuntur,
424 1122 495 1195 alia
523 1124 653 1207 minus
674 1121 831 1217 plurima
859 1145 932 1194 non
961 1120 1163 1194 trahuntur.
1220 1120 1272 1193 Et
1299 1122 1356 1193 vis
1386 1125 1596 1220 magnetica
1623 1125 1659 1197 in

201 1264 276 1313 uno
295 1239 481 1312 &eodem
500 1264 652 1333 corpore
681 1237 821 1310 intendi
850 1252 974 1332 potest
1002 1236 1038 1308 81
1066 1237 1213 1324 remitti,
1233 1252 1364 1333 estque
1393 1262 1659 1337 nonnunquam

116 1405 120 1411 -
200 1354 312 1452 longe
331 1357 447 1452 major
464 1380 532 1449 pro
550 1354 755 1449 quantitate
775 1354 937 1426 materiae
956 1378 1067 1448 quarn
1094 1354 1151 1425 vis
1177 1354 1381 1451 gravitatis
1403 1354 1438 1426 81
1457 1357 1492 1427 in
1513 1382 1658 1429 recessu

198 1498 221 1544 a
252 1489 425 1569 magnete
455 1472 635 1544 decrescit
666 1472 701 1543 in
734 1471 875 1544 ratione
909 1470 1095 1543 distantiae
1128 1494 1202 1543 non
1246 1469 1441 1565 duplicata,
1471 1473 1537 1546 sed
1582 1475 1659 1548 sere

201 1587 391 1683 triplicata,
399 1603 578 1684 quantum
592 1612 639 1660 ex
650 1586 781 1660 crassis
793 1586 1015 1682 quibusdam
1029 1585 1350 1659 observationibus
1362 1589 1658 1664 animadvertere

202 1705 315 1801 potui.

386 1963 759 2038 PROPOSITIO
796 1963 900 2036 VII.
982 1961 1336 2038 THEOREMA
1375 1965 1479 2038 Vll.

216 2161 446 2236 Gravitatem
480 2163 521 2234 in
555 2171 706 2257 corpora
741 2160 912 2234 unz‘versa
936 2159 1038 2256 fieri,
1065 2186 1211 2258 eamque
1234 2162 1547 2257 prapartzanalem
1581 2188 1650 2237 essa

602 2299 809 2398 quantitati
831 2299 993 2372 arateriae
1016 2299 1057 2372 z'n
1082 2300 1248 2397 singular.

271 2513 443 2589 Planetas
455 2540 590 2606 ‚omnes
610 2514 645 2586 in
674 2539 716 2587 se
744 2527 872 2586 mutuo
888 2537 1023 2610 graves
1041 2537 1123 2586 esse
1136 2514 1215 2609 jam
1234 2531 1320 2587 ante
1348 2515 1596 2611 probavimus,
1616 2535 1658 2591 ut

203 2633 238 2705 81
263 2633 485 2730 gravitatem
504 2631 540 2702 in
559 2655 861 2726 unumquemque
889 2629 1043 2702 seorsim
1072 2635 1277 2724 spectatum
1296 2656 1379 2705 esse
1405 2635 1590 2730 reciproce
1616 2651 1658 2708 ut

201 2750 422 2847 quadratum
440 2748 625 2820 distantiae
644 2744 806 2820 locorum
833 2771 856 2818 a
882 2761 1008 2819 centro
1026 2744 1195 2842 planetae.
1251 2748 1303 2821 Et
1321 2750 1407 2823 inde
1425 2776 1656 2848 consequens

201 2883 259 2940 est
289 2867 370 2962 (per
398 2891 501 2961 prop.
539 2887 631 2936 lanx
656 2863 715 2937 lib.
759 2887 772 2934 1
809 2862 845 2934 &
873 2863 952 2959 ejus
980 2859 1183 2962 corollaria)
1210 2866 1433 2962 gravitatem
1461 2867 1498 2941 in
1525 2893 1656 2942 omnes

200 2983 513 3082 proportionalem
531 3009 614 3056 esse
632 2980 795 3054 materiae
815 2980 850 3052 in
870 2980 1009 3054 iisdem.

270 3102 383 3175 Porro
402 3126 485 3174 cum
501 3098 660 3196 planetae
675 3097 836 3195 cujusvis
858 3098 899 3169 A
921 3113 1044 3192 partes
1071 3122 1200 3170 omnes
1225 3123 1360 3196 graves
1378 3101 1452 3175 sint
1478 3102 1513 3174 in
1532 3101 1656 3197 plane-

200 3234 277 3292 tam
305 3218 476 3314 quemvis
495 3218 542 3302 B,
563 3215 779 3312 &gravitas
798 3213 912 3310 partis
939 3214 1117 3311 cujusque
1143 3214 1191 3287 sit
1216 3215 1264 3288 ad
1290 3217 1512 3313 gravitatem
1531 3220 1655 3308 totius,

199 3352 241 3409 ut
271 3336 425 3409 materia
453 3334 566 3430 partis
595 3332 642 3404 ad
674 3332 865 3404 materiam
896 3332 1018 3417 totius
1051 3331 1087 3403 &
1115 3332 1249 3405 actioni
1277 3335 1378 3406 omni
1409 3336 1546 3408 reactio
1576 3335 1658 3433 (per

201 3471 324 3528 motus
341 3453 464 3550 legem
483 3449 642 3545 tertiam)
663 3446 816 3545 aequalis
834 3449 901 3535 sit;
928 3447 1076 3544 planeta
1093 3449 1132 3519 B
1150 3449 1185 3520 in
1207 3464 1331 3543 partes
1349 3475 1478 3523 omnes
1496 3449 1656 3545 planetae

200 3573 241 3643 A
273 3571 434 3644 vicissim
452 3567 662 3665 gravitabit,
684 3566 719 3638 81
745 3566 815 3638 erit
839 3565 1003 3662 gravitas
1030 3589 1097 3636 sua
1123 3564 1159 3635 in
1186 3579 1329 3658 partem
1356 3590 1656 3661 unamquamque

200 3688 248 3760 ad
266 3688 489 3785 gravitatem
507 3710 612 3757 suam
639 3684 676 3755 in
703 3698 832 3767 totum,
850 3696 892 3753 ut
917 3681 1071 3753 materia
1096 3681 1210 3775 partis
1237 3681 1285 3753 ad
1312 3683 1503 3754 materiam
1529 3684 1652 3758 totius,
1690 3776 1694 3782 ‚

203 3807 247 3896 Q.
261 3808 309 3878 E.
324 3807 375 3878 D.

253 3923 370 3995 Caral.
398 3945 426 3993 1.
457 3918 586 3993 Oritur
615 3918 727 4015 igitur
753 3917 790 3989 81
817 3917 1050 4013 componitur
1064 3917 1228 4014 gravitas
1257 3919 1293 3991 in
1321 3916 1508 4014 planetam
1536 3936 1654 3995 totum

201 4065 248 4112 ex
281 4038 465 4136 gravitate
500 4036 536 4108 in
572 4049 696 4130 partes
731 4032 902 4131 singulas
968 4031 1083 4129 Cujus
1118 4032 1170 4106 rei
1196 4032 1368 4131 exempla
1402 4035 1581 4110 habemus
1617 4039 1653 4112 in

200 4154 479 4229 attractionibus
506 4151 722 4250 magneticis
751 4150 787 4222 &
815 4147 1001 4222 electricis.
1057 4148 1185 4223 Oritur
1211 4150 1309 4222 enim
1337 4153 1506 4226 attractio
1534 4155 1655 4227 omnis

201 4273 237 4343 in
269 4288 386 4345 totum
415 4295 463 4342 ex
493 4268 770 4341 attractionibus
801 4267 837 4338 in
868 4281 992 4363 partes
1020 4264 1193 4363 singulas,
1260 4268 1337 4339 Res
1369 4267 1592 4367 intelligetur
1617 4271 1654 4343 in

200 4389 392 4485 gravitate,
429 4385 671 4480 concipiendo
705 4384 872 4480 planetas
911 4374 1034 4479 plures
1069 4383 1230 4456 minores
1269 4384 1305 4456 in
1349 4410 1463 4458 unum
1501 4387 1655 4484 globum

199 4503 352 4576 coire&
373 4502 560 4600 planetam
590 4503 766 4598 majorem
795 4525 1025 4596 componere.
1086 4499 1186 4571 Nam
1214 4501 1272 4573 vis
1299 4501 1412 4573 totius
1438 4526 1486 4573 ex
1514 4503 1654 4578 viribus

201 4623 359 4717 partium
388 4620 688 4716 componentium
716 4619 800 4692 oriri
829 4617 988 4690 debebit
1042 4616 1168 4712 Siquis
1196 4615 1344 4714 objiciat
1372 4618 1472 4712 quod
1501 4644 1655 4715 corpora

200 4741 334 4826 omnia,
353 4765 437 4835 quae
456 4737 555 4833 apud
574 4761 641 4809 nos
660 4750 754 4820 sunt,
774 4733 842 4806 hac
867 4732 951 4830 lege
975 4732 1161 4830 gravitare
1187 4732 1367 4806 deberent
1392 4734 1428 4807 in
1456 4761 1496 4808 se
1516 4753 1653 4823 mutuo,
1735 4812 1739 4820 ,

200 4883 284 4930 cum
304 4873 427 4930 tamen
447 4852 629 4953 ejusmodi
654 4851 820 4950 gravitas
848 4849 1062 4946 neutiquam
1088 4848 1291 4923 sentiatur:
1319 4852 1526 4947 respondeo
1553 4855 1654 4950 quod
