4110 5782
720 433 862 493 LIBER
882 433 1134 499 SECUNDUS.
1598 468 1664 540 33¹

204 627 383 704 foramine
418 630 592 705 deorsum
627 658 739 732 quam
771 662 904 733 corpus
935 641 1103 716 cadendo
1130 667 1153 714 a
1180 642 1335 716 dimidio
1364 641 1569 720 altitudinis
1600 649 1668 722 lZ

203 747 393 844 acquirere
427 764 573 844 potest:
609 750 786 826 velocitas
820 771 943 829 autem
979 773 1173 832 cataractae
1203 759 1394 856 utriusque
1424 761 1592 837 cadentis
1619 791 1666 840 ea

203 864 273 936 erit
304 865 339 937 in
370 864 550 940 foramine
576 869 663 955 EF,
693 895 804 966 quam
831 898 964 968 corpus
990 875 1159 949 cadendo
1188 877 1237 948 ab
1267 877 1461 952 altitudine
1490 893 1569 953 tota
1596 882 1665 955 IG

204 981 378 1076 acquiret.
788 1080 792 1085 Ι
1459 1002 1462 1007 ·

275 1100 353 1174 Cas.
388 1125 419 1174 2.
457 1101 499 1174 Si
534 1102 700 1176 foramen
734 1105 776 1177 E
789 1106 830 1177 F
863 1131 936 1179 non
976 1107 1025 1180 sit
1064 1108 1100 1181 in
1140 1110 1264 1184 medio
1303 1110 1407 1185 fundi
1447 1113 1560 1202 vasiS,
1596 1115 1664 1188 sed

203 1215 359 1288 fundum
395 1215 480 1291 alibi
520 1219 749 1314 perforetur:
793 1248 890 1319 aqua
928 1224 1054 1299 effluet
1091 1226 1223 1300 eadem
1263 1252 1347 1300 cum
1383 1226 1580 1303 velocitate
1619 1256 1663 1304 ae

203 1334 314 1429 prius,
346 1335 377 1407 si
409 1336 522 1409 modo
552 1337 683 1410 eadem
714 1340 763 1413 sit
792 1340 980 1415 foraminis
1004 1328 1236 1439 magnitudo.
1303 1343 1404 1416 Nam
1438 1371 1556 1443 grave
1586 1371 1661 1420 ma·

197 1449 270 1546 jori
314 1450 465 1545 quidem
509 1467 677 1548 tempore
719 1455 912 1530 descendit
954 1458 1002 1530 ad
1049 1458 1208 1531 eandem
1256 1459 1546 1554 profunditatem
1594 1487 1662 1558 per

203 1563 337 1640 lineam
373 1567 562 1665 obliquam
598 1595 709 1666 quam
748 1597 816 1667 per
849 1571 983 1646 lineam
1018 1572 1371 1670 perpendicularem,
1400 1576 1467 1648 sed
1508 1575 1660 1651 descen-

201 1682 327 1757 dendo
361 1685 519 1758 eandem
550 1685 784 1774 velocitatem
815 1689 972 1784 acquirit
1006 1690 1042 1762 in
1078 1706 1236 1788 utroque
1270 1717 1367 1777 casu,
1403 1707 1445 1765 ut
1482 1693 1663 1768 Galiloeus

203 1799 481 1875 demonstravit.

272 1919 352 1993 Cas.
376 1943 406 2012 3.
438 1919 584 1994 Eadem
601 1936 659 1994 est
684 1946 792 2017 aquae
811 1921 990 1995 velocitas
1004 1922 1188 1997 effluentis
1214 1950 1281 2021 per
1297 1924 1462 1999 foramen
1486 1925 1523 1998 in
1545 1923 1661 2000 latere

202 2036 310 2109 vasis.
367 2036 468 2108 Nam
496 2038 527 2110 si
555 2037 720 2111 foramen
749 2064 905 2135 parvum
923 2041 980 2126 sit,
999 2055 1041 2113 ut
1067 2039 1299 2114 intervallum
1326 2042 1422 2116 inter
1446 2043 1660 2139 superficies

201 2152 242 2222 A
250 2153 288 2224 B
315 2151 352 2225 81
378 2154 427 2225 K
427 2155 463 2226 L
494 2155 617 2250 quoad
646 2181 796 2229 sensum
825 2173 1033 2249 evanescat,
1062 2156 1098 2230 81
1125 2183 1222 2230 vena
1249 2183 1357 2254 aquae
1385 2158 1661 2234 horizontalitcr

200 2269 382 2343 exilientis
397 2271 553 2370 figuram
572 2272 819 2368 parabolicam
833 2274 1002 2347 efformet
1017 2302 1024 2348 :
1047 2272 1221 2347 exlatere
1236 2290 1335 2348 recto
1349 2275 1458 2372 hujus
1471 2275 1658 2372 parabolae

199 2384 398 2484 colligetur,
418 2389 520 2484 quod
538 2387 714 2463 velocitas
732 2415 840 2485 aquae
859 2389 1041 2464 effluentis
1059 2416 1104 2463 ea
1122 2391 1170 2463 sit
1195 2415 1306 2486 quam
1325 2416 1458 2487 corpus
1476 2391 1524 2464 ab
1549 2417 1658 2488 aquae

198 2503 234 2576 in
253 2531 343 2579 vase
361 2508 567 2606 stagnantis
585 2506 778 2579 altitudine
795 2507 885 2578 HG
902 2504 961 2578 vel
979 2507 1008 2578 I
1013 2507 1048 2578 G
1065 2506 1233 2579 cadendo
1251 2507 1440 2603 acquirere
1463 2507 1654 2602 potuisset.

201 2622 317 2698 Facto
345 2625 471 2721 utique
499 2627 755 2721 experimento
783 2623 907 2696 inveni
936 2623 1048 2718 quod,
1074 2624 1104 2696 si
1133 2623 1288 2698 altitudo
1314 2648 1421 2720 aquae
1450 2626 1657 2723 stagnantis

197 2766 308 2836 supra
338 2741 503 2815 foramen
531 2759 630 2816 esset
657 2742 789 2839 viginti
824 2741 1025 2837 digitorum
1060 2739 1097 2813 81
1131 2738 1287 2815 altitudo
1320 2740 1510 2815 foraminis
1544 2768 1657 2838 supra

196 2855 348 2951 planum
383 2858 562 2932 horizonti
597 2857 812 2955 parallelum
842 2871 942 2931 esset
976 2882 1126 2953 quoque
1155 2858 1287 2955 viginti
1318 2858 1528 2955 digitorum,
1559 2884 1658 2932 vena

195 2999 303 3069 aquae
321 2975 543 3070 prosilientis
562 2977 738 3050 incideret
757 2976 793 3049 in
811 2973 963 3071 planum
983 2972 1071 3048 illud
1088 2974 1137 3046 ad
1155 2972 1368 3046 distantiam
1386 2973 1586 3071 digitorum
1606 2996 1653 3069 37

195 3093 338 3165 circiter
354 3118 377 3163 a
394 3092 658 3188 perpendiculo
676 3093 776 3190 quod
804 3092 840 3166 in
868 3090 1019 3188 planum
1046 3089 1134 3164 illud
1153 3116 1176 3162 a
1193 3089 1372 3164 foramine
1390 3089 1655 3165 demittebatur

194 3226 350 3304 captam.
408 3210 508 3282 Nam
539 3212 618 3284 sine
649 3208 866 3294 resistentia,
894 3232 993 3281 vena
1021 3207 1182 3282 incidere
1211 3208 1402 3282 debuisset
1432 3207 1469 3279 in
1500 3205 1652 3304 planum

193 3323 281 3397 illud
309 3327 357 3399 ad
384 3327 598 3401 distantiam
625 3327 826 3425 digitorum
854 3348 913 3417 40,
943 3326 1125 3399 existente
1153 3349 1260 3398 venae
1288 3323 1509 3420 parabolicae
1537 3323 1652 3400 latere

193 3463 293 3519 recto
311 3447 511 3544 digitorum
532 3452 588 3522 80.

262 3564 342 3637 Cas.
363 3588 396 3656 4.
427 3565 642 3658 Quinetiam
660 3590 758 3661 aqua
775 3564 939 3650 effluens,
959 3563 990 3637 si
1017 3588 1162 3635 sursum
1188 3561 1335 3647 feratur,
1354 3562 1486 3635 eadem
1504 3563 1648 3659 egredi-

193 3696 252 3752 tur
268 3706 352 3753 cum
370 3680 573 3757 velocitate.
628 3682 812 3755 Ascendit
837 3681 936 3755 enim
962 3705 1071 3776 aquae
1090 3677 1272 3754 exilientis
1290 3703 1386 3751 vena
1412 3702 1528 3774 parva
1545 3694 1648 3751 motu

192 3797 483 3893 perpendiculari
519 3800 566 3872 ad
601 3824 709 3895 aquae
749 3800 785 3873 in
822 3825 911 3872 vase
945 3799 1153 3896 stagnantis
1191 3794 1423 3868 altitudinem
1461 3795 1559 3867 GH
1587 3794 1648 3870 vel

195 3915 274 4000 Gl,
307 3915 375 3986 nisi
408 3932 589 4012 quatenus
617 3941 792 3990 ascensus
823 3918 902 4013 ejus
933 3915 981 3987 ab
1011 3915 1106 3987 aeris
1138 3912 1346 3986 resistentia
1379 3910 1647 4007 aliquantulum

191 4032 432 4127 impediatur;
459 4060 502 4107 ac
528 4035 684 4130 proinde
710 4060 755 4108 ea
780 4033 897 4106 effluit
922 4057 1006 4104 cum
1024 4029 1220 4105 velocitate
1247 4053 1358 4125 quam
1379 4029 1428 4100 ab
1453 4026 1648 4103 altitudine

188 4148 248 4222 illa
267 4150 434 4224 cadendo
451 4152 639 4248 acquirere
656 4150 846 4246 potuisset
902 4149 1027 4245 Aquae
1045 4147 1250 4246 stagnantis
1276 4144 1454 4242 particula
1471 4172 1645 4242 unaquae·

189 4291 263 4362 que
289 4267 453 4365 undique
489 4269 668 4364 premitur
694 4266 886 4365 aequaliter
922 4266 1004 4362 (per
1029 4290 1131 4361 prop.
1158 4287 1226 4336 x1x
1248 4261 1308 4336 lib.
1336 4262 1372 4361 2)
1402 4262 1438 4336 81
1464 4264 1644 4359 pressioni

187 4384 356 4457 cedendo
383 4383 515 4480 aequali
543 4386 684 4481 impetu
710 4386 747 4459 in
775 4410 906 4459 omnes
933 4397 1058 4479 partes
1088 4380 1214 4471 fertur,
1244 4381 1324 4453 sive
1349 4380 1553 4453 descendat
1578 4405 1646 4475 per

186 4502 352 4577 foramen
372 4504 408 4576 in
427 4504 543 4576 fundo
561 4505 671 4589 vasis,
690 4503 770 4576 sive
789 4498 1064 4574 horizontaliter
1080 4497 1206 4571 effluat
1232 4522 1299 4593 per
1314 4496 1481 4571 foramen
1508 4496 1545 4569 in
1563 4497 1643 4594 ejus

185 4619 308 4707 latere,
344 4621 424 4695 sive
458 4621 670 4718 egrediatur
704 4621 740 4693 in
775 4617 941 4692 canalem
977 4617 1013 4691 81
1048 4617 1134 4691 inde
1168 4615 1346 4689 ascendat
1379 4640 1446 4710 per
1475 4614 1640 4689 foramen

187 4764 342 4833 parvum
370 4739 405 4811 in
425 4738 613 4834 superiore
630 4735 766 4811 canalis
793 4752 897 4832 parte
920 4735 1067 4809 factum.
1123 4734 1176 4806 Et
1193 4730 1427 4806 velocitatem
1453 4756 1529 4830 qua
1545 4755 1643 4826 aqua

187 4855 301 4927 effluit
327 4852 409 4928 eam
429 4882 520 4941 esse,
540 4880 652 4951 quam
679 4855 716 4928 in
742 4854 811 4926 hac
837 4852 1089 4948 propositione
1114 4848 1395 4947 assignavimus,
1421 4873 1494 4922 non
1520 4845 1640 4920 solum
