4110 5782
766 430 832 486 DE
859 428 963 488 MOT
963 428 996 487 U
1021 426 1197 486 CORPOR
1205 427 1276 485 ΠΜ

826 682 1091 758 SECTIO
1138 682 1217 755 IV.

292 867 352 939 Dc
375 865 580 939 inventione
603 866 745 939 orbium
770 865 1021 961 ellipticornm,
1040 861 1340 959 parobolicorum
1369 863 1417 940 &³
1440 861 1746 958 bypcrbolc'cornm

845 1023 889 1069 cn
913 997 1079 1069 umbilico
1101 996 1194 1069 eluto.

814 1256 1070 1329 LEMMA
1127 1255 1230 1327 XV.

291 1438 341 1510 Si
374 1440 420 1512 ob
453 1440 611 1535 cllmseos
640 1439 697 1512 ocl
721 1438 920 1535 hyperbolen
950 1436 1111 1532 cujusvis
1146 1435 1328 1508 umbilicis
1359 1434 1496 1510 dnobus
1537 1437 1577 1526 S,
1610 1436 1663 1527 H,
1697 1437 1752 1511 acl

348 1583 532 1670 punctum
564 1573 715 1671 quodvis
744 1570 895 1644 tertium
928 1569 963 1640 V
1000 1567 1239 1665 inflectantur
1266 1577 1369 1640 rectee
1395 1567 1479 1640 clnce
1510 1569 1603 1657 SV,
1640 1569 1680 1641 H
1699 1570 1745 1656 V,

356 1734 517 1805 querum
542 1733 620 1780 nno
640 1708 677 1780 H
695 1705 730 1777 V
758 1705 908 1803 uqnulis
931 1703 982 1778 sil
1005 1703 1071 1775 nni
1080 1703 1192 1798 prioc-

356 1840 633 1937 cipalifignrn,
652 1839 772 1928 idest,
790 1838 857 1910 uxi
879 1838 920 1909 in
945 1861 1014 1933 qno
1033 1834 1196 1906 umbilici
1264 1771 1291 1820 v

346 1973 484 2068 siccent,
503 1973 621 2046 altero
639 1971 667 2045 S
683 1969 718 2041 V
737 1997 760 2042 o
768 1970 1026 2066 perpendiculo
1046 1968 1080 2039 T
1098 1968 1133 2038 R
1151 1967 1191 2038 in
1249 2003 1273 2052 T
1745 2017 1747 2021 v

357 2133 394 2180 sc
407 2106 555 2180 clemisso
572 2105 743 2179 bisecelnr
758 2105 799 2176 in
818 2103 853 2175 T
870 2133 877 2189 ;
890 2101 1193 2199 perpendicnlum

358 2237 510 2312 illndT
527 2238 563 2311 R
578 2238 760 2312 sectionem
777 2235 933 2308 conicom
957 2235 1095 2308 olicnbi
1112 2244 1192 2307 ton-
1235 2229 1254 2280 S
1713 2237 1740 2286 B

350 2382 435 2470 get:
455 2373 504 2450 ὅ
518 2379 656 2459 contro,
674 2369 710 2443 si
725 2369 856 2466 tetegit,
875 2369 947 2442 erit
966 2368 1003 2440 H
1022 2368 1057 2440 V
1075 2368 1227 2465 aequalis
1242 2370 1678 2471 um'prciecnbolc'figuru.

358 2569 470 2641 secet
496 2567 594 2640 enim
621 2562 924 2662 perpendiculum
950 2564 987 2636 T
993 2564 1034 2636 R
1059 2579 1196 2637 rectam
1222 2565 1274 2637 H
1291 2565 1330 2636 V
1350 2567 1575 2661 productam,
1595 2571 1625 2643 si
1652 2597 1746 2668 opus

290 2685 408 2770 fuerit,
429 2685 465 2755 in
483 2685 522 2756 R
536 2714 549 2766 ,·
568 2683 603 2755 81
616 2684 794 2780 jungatur
812 2681 845 2752 S
855 2681 902 2754 R.
958 2679 1020 2752 Ob
1038 2677 1201 2775 aequales
1227 2680 1264 2752 T
1271 2682 1311 2767 S,
1338 2682 1375 2754 T
1391 2684 1432 2769 V,
1452 2684 1613 2782 aequales
1639 2705 1747 2762 erunt

292 2802 328 2874 &
346 2816 455 2874 rectae
473 2800 565 2885 SR,
594 2800 676 2872 VR
695 2798 730 2870 81
752 2795 876 2895 anguli
903 2796 940 2868 T
944 2797 983 2868 R
992 2797 1032 2881 S,
1059 2796 1096 2868 T
1098 2798 1137 2869 R
1156 2796 1196 2871 V.
1270 2797 1384 2872 Unde
1410 2818 1586 2896 punctum
1612 2805 1653 2877 R
1678 2807 1747 2879 erit

291 2918 339 2990 ad
373 2916 575 2990 sectionem
605 2915 779 3000 conicam,
812 2913 848 2986 &
878 2912 1180 3009 perpendiculum
1219 2914 1256 2986 T
1263 2916 1302 2987 R
1332 2931 1460 3015 tanget
1490 2920 1674 2996 eandem:
1710 2922 1747 2996 &

291 3048 427 3108 contra,
481 3032 647 3122 Qec).

479 3339 849 3415 PROPOSITIO
904 3339 1060 3414 XVIII.
1117 3340 1451 3416 PROBLEMA
1508 3346 1558 3420 X.

290 3523 406 3597 Dotis
438 3523 605 3596 umbilico
641 3523 690 3600 ὅς’
717 3520 848 3594 axibus
870 3519 1145 3615 pmiccc’polibns
1173 3520 1364 3596 describere
1390 3525 1617 3621 trojcetorias
1641 3529 1743 3626 ellip-

358 3656 446 3729 ticas
478 3657 526 3734 &³
554 3654 805 3751 hyperbolicas,
829 3677 910 3750 qnce
934 3653 1148 3727 transibunt
1163 3664 1238 3750 per
1255 3665 1399 3751 puncto
1427 3658 1527 3750 dato,
1558 3663 1606 3740 ὅ
1632 3673 1747 3738 rectas

348 3790 530 3886 positione
543 3789 650 3862 dotus
665 3788 878 3884 contingent.

359 3986 419 4060 Sit
444 3986 479 4059 S
501 3986 706 4059 communis
732 3982 925 4057 umbilicus
953 3982 1174 4081 figurarum
1205 3985 1297 4058 AB
1321 3984 1515 4086 longitudo
1542 3993 1622 4066 axis
1647 3994 1747 4090 prin-

292 4101 418 4199 cipalis
440 4101 658 4199 trajectoriae
684 4102 863 4199 cujusvis;
889 4102 928 4174 P
952 4126 1064 4197 punc-

292 4235 371 4292 tum
388 4244 456 4314 per
472 4218 572 4315 quod
600 4219 805 4315 trajectoria
830 4218 942 4291 debet
967 4232 1064 4290 tran·
1116 4199 1138 4244 Α

292 4336 374 4422 sire;
393 4332 430 4406 8t
451 4334 488 4406 T
486 4335 526 4406 R
539 4348 638 4406 recta
651 4359 763 4428 quam
777 4334 889 4406 debet
903 4348 1063 4430 tangere.
1108 4348 1144 4401 Ν
1224 4384 1260 4431 ,R

294 4452 433 4524 centro
471 4450 509 4522 P
543 4446 736 4522 intervallo
774 4450 1001 4535 Ae-so,
1033 4450 1063 4521 si
1121 4401 1173 4500 Χ

293 4566 412 4640 orbita
437 4565 484 4637 sit
510 4562 657 4660 ellipsis,
685 4564 744 4639 vel
770 4567 811 4639 A
827 4567 865 4638 B
874 4566 951 4645 ÷S
959 4566 1005 4650 P,
1033 4567 1063 4638 si
1154 4555 1239 4675 3⁸..
1695 4556 1723 4684 ἶ

293 4707 338 4755 ea
355 4682 402 4753 sit
428 4679 639 4776 hyperbola,
658 4682 885 4755 describatur
910 4679 1064 4755 circulus
1145 4665 1250 4854 N

293 4798 344 4871 H
353 4797 395 4872 G.
451 4796 514 4868 Ad
527 4812 740 4894 tangentem
762 4797 799 4869 T
797 4799 837 4870 R
849 4798 1065 4870 demittatur

1644 4742 1698 4840 di
