4110 5782
736 443 873 500 11111211
895 444 1143 502 succurrunt.
1594 466 1664 534 309

210 640 245 712 ἃ
272 653 468 735 propterca
492 665 575 710 cum
605 642 685 735 (per
710 638 939 711 corollarium
968 639 1227 734 propositionis
1256 662 1334 709 xxx
1366 636 1590 733 applicatum
1617 639 1665 710 ad

210 756 307 827 hunc
325 754 465 849 casum)
487 755 694 828 resistentia
710 754 810 853 globi
832 757 867 827 in
895 756 1018 828 medio
1040 781 1145 828 arcus
1171 754 1373 828 oscillando
1399 755 1583 850 descripti,
1604 756 1665 827 ubi

208 909 386 984 velocitas
413 926 469 982 est
497 911 542 991 V,
570 912 618 983 sit
644 913 690 983 ad
720 911 833 1007 ipsius
864 913 1011 1007 pondus
1030 928 1070 984 ut
1096 911 1136 990 1²1·
1158 912 1194 983 Α
1210 912 1243 982 V
1255 929 1286 991 ÷
1297 911 1336 990 ἧς
1366 912 1394 983 B
1408 870 1466 981 Vi
1476 929 1506 990 ÷
1519 911 1536 989 “l-
1564 911 1595 983 C
1608 910 1662 981 V'

208 1026 255 1098 ad
274 1024 543 1122 longitudinem
562 1025 713 1121 penduli
730 1056 736 1111 ;
765 1028 794 1099 si
813 1053 881 1122 pro
901 1028 947 1107 A,
971 1028 1000 1098 B
1020 1027 1056 1099 81
1075 1027 1106 1099 C
1125 1027 1331 1099 scribantur
1348 1027 1489 1098 numeri
1514 1027 1664 1111 inventi,

209 1181 273 1254 fiet
296 1181 504 1254 resistentia
527 1179 628 1277 globi
655 1183 702 1254 ad
726 1183 805 1279 ejus
823 1182 980 1278 pondus,
1001 1199 1042 1254 ut
1067 1187 1253 1276 0,000058
1259 1208 1278 1275 3
1294 1183 1591 1275 V÷0‚0007593
1608 1142 1666 1253 V}

218 1298 538 1387 ÷0,0022169V‘·'
566 1298 613 1370 ad
632 1296 901 1394 longitudinem
928 1298 1078 1393 penduli
1107 1300 1202 1373 inter
1218 1314 1384 1371 centrum
1413 1297 1666 1393 suspensionis

209 1415 245 1487 81
267 1413 441 1512 regulam,
467 1415 503 1486 id
531 1431 597 1500 est,
617 1416 663 1487 ad
699 1440 759 1487 121
792 1415 938 1511 digitos.
1009 1416 1123 1488 Unde
1151 1441 1233 1489 cum
1263 1416 1296 1486 V
1325 1416 1361 1487 in
1388 1441 1474 1488 casu
1502 1416 1666 1488 secundo

208 1532 380 1629 designet
405 1556 431 1616 1,
452 1533 487 1603 in
506 1550 639 1626 quarto
657 1556 689 1622 4,
711 1533 745 1603 in
771 1548 878 1604 sexto
904 1537 969 1604 16:
997 1533 1066 1604 erit
1084 1532 1291 1604 resistentia
1317 1531 1364 1602 ad
1391 1532 1538 1626 pondus
1563 1530 1665 1629 globi

210 1649 245 1721 in
273 1673 359 1720 casu
387 1648 551 1720 secundo
570 1665 611 1720 ut
628 1672 813 1741 0,oo3034
820 1672 838 1740 5
858 1649 905 1719 ad
940 1672 1017 1733 121,
1038 1649 1074 1719 in
1093 1666 1225 1744 quarto
1243 1663 1284 1720 ut
1304 1652 1490 1740 0,o41748
1509 1648 1557 1720 ad
1586 1672 1663 1732 121,

209 1766 245 1837 in
264 1780 371 1837 sexto
389 1780 430 1837 ut
448 1772 606 1857 0,61705
627 1766 674 1836 ad
701 1790 777 1836 121.

276 1881 398 1953 Arcus
417 1907 527 1976 quem
547 1898 724 1976 punctum
745 1882 780 1952 in
801 1879 861 1953 lilo
880 1895 1046 1953 notatum
1076 1881 1111 1952 in
1134 1906 1219 1953 casu
1239 1897 1346 1953 sexto
1364 1882 1567 1977 descripsit,
1586 1898 1665 1955 erat

216 2080 326 2129 120—
344 2001 377 2139 {1
408 2083 473 2129 seu
507 2058 614 2147 119r³r
641 2058 850 2154 digitorum.
904 2057 956 2128 Et
983 2072 1178 2152 propterea
1205 2083 1287 2129 cum
1316 2058 1438 2130 radius
1465 2074 1564 2130 esset
1596 2082 1658 2129 121

365 2160 381 2197 :5

208 2146 418 2316 digitor9um,
447 2220 483 2292 u
510 2221 703 2318 longitudo
730 2219 880 2315 penduli
909 2221 1003 2292 inter
1029 2238 1205 2315 punctum
1237 2222 1490 2315 suspensionis
1517 2221 1553 2293 u
1579 2246 1663 2293 cen-

208 2351 304 2407 trum
329 2333 430 2432 globi
457 2353 557 2408 csset
590 2344 655 2408 126
682 2337 894 2432 digitorum,
914 2362 1019 2408 arcus
1046 2361 1157 2430 quem
1185 2352 1350 2408 centrum
1375 2334 1476 2432 globi
1503 2336 1664 2430 descrip-

209 2453 257 2525 sit
291 2471 371 2526 erat
408 2454 516 2545 1245}
551 2455 761 2551 digitorum.
834 2454 1021 2546 Quoniam
1057 2455 1219 2549 corporis
1255 2453 1454 2527 oscillantis
1489 2454 1665 2528 velocitas

209 2572 380 2656 maxima,
417 2574 465 2644 ob
501 2574 745 2645 resistentiam
786 2573 890 2656 aeris,
929 2596 1001 2644 non
1042 2571 1168 2644 incidit
1204 2572 1239 2642 in
1280 2588 1456 2667 punctum
1499 2573 1664 2645 infimum

207 2714 313 2760 arcus
343 2689 527 2786 descripti,
555 2691 621 2763 sed
650 2692 685 2762 in
714 2690 837 2762 medio
863 2690 939 2761 sere
966 2688 1047 2762 loco
1081 2715 1187 2762 arcus
1219 2690 1330 2762 totius
1357 2708 1551 2764 versatur:
1585 2692 1665 2765 haec

209 2808 340 2880 eadem
372 2810 442 2881 erit
471 2810 613 2881 circiter
643 2834 685 2880 ac
716 2810 744 2879 si
782 2807 915 2905 globus
946 2808 1127 2880 descensu
1159 2834 1227 2880 suo
1260 2824 1339 2881 toto
1370 2809 1406 2881 in
1438 2810 1561 2883 medio
1591 2835 1664 2883 non

210 2924 403 2998 resistente
429 2926 654 2998 describeret
682 2950 787 2996 arcus
817 2923 910 2995 illius
942 2938 1083 3018 partem
1112 2923 1304 2996 dimidiam
1335 2925 1535 3022 digitorum
1563 2925 1663 3013 6231,

209 3038 321 3135 idque
354 3043 389 3113 in
421 3041 596 3138 cycloide,
629 3041 676 3112 ad
708 3066 819 3135 quarn
852 3056 993 3111 motum
1030 3037 1179 3133 penduli
1211 3065 1322 3134 supra
1354 3041 1590 3115 reduximus:
1628 3041 1664 3114 81

209 3174 406 3253 propterea
432 3157 608 3231 velocitas
637 3154 696 3228 illa
723 3154 875 3251 aequalis
902 3155 971 3227 erit
997 3153 1181 3228 velocitati
1209 3182 1320 3252 quam
1347 3156 1489 3254 globus,
1510 3183 1664 3253 perpen-

209 3274 419 3347 diculariter
443 3275 611 3348 cadendo
630 3274 666 3346 dc
693 3299 778 3346 casu
807 3299 874 3345 suo
901 3273 1145 3345 describendo
1175 3272 1407 3347 altitudinem
1434 3301 1540 3348 arcus
1570 3274 1665 3349 illius

208 3395 302 3466 sinui
329 3421 439 3467 verso
465 3392 658 3489 aequalem,
680 3392 869 3488 acquirere
896 3408 1032 3486 posset.
1090 3392 1160 3465 Est
1185 3410 1309 3465 autem
1328 3394 1429 3465 sinus
1457 3392 1516 3466 ille
1534 3420 1664 3467 versus

209 3512 245 3581 in
273 3509 438 3605 cycloide
464 3511 511 3582 ad
543 3535 668 3582 arcum
701 3510 809 3581 istum
842 3508 927 3586 62³³}
963 3524 1003 3580 ut
1029 3534 1133 3580 arcus
1161 3509 1258 3581 idem
1290 3510 1336 3582 ad
1365 3510 1515 3606 penduli
1547 3510 1663 3609 longi-

209 3627 375 3699 tudinem
402 3626 554 3721 duplam
590 3648 670 3719 252,
700 3627 736 3699 81
767 3640 963 3720 propterea
993 3623 1146 3720 aequalis
1178 3626 1303 3722 digitis
1341 3632 1480 3719 15,278.
1537 3629 1665 3722 Quare

207 3741 384 3815 velocitas
402 3769 446 3815 ea
465 3744 544 3837 ipsa
562 3759 620 3815 est
633 3769 745 3838 quam
763 3768 897 3837 corpus
915 3741 1083 3813 cadendo
1103 3741 1138 3813 81
1156 3766 1242 3814 casu
1262 3768 1329 3814 suo
1347 3744 1507 3837 spatium
1532 3750 1661 3838 15,278

208 3860 408 3956 digitorum
435 3861 679 3933 describendo
705 3860 894 3955 acquirere
921 3873 1056 3954 posset.
1113 3857 1196 3930 Tali
1224 3859 1335 3955 igitur
1360 3885 1444 3931 curn
1467 3859 1663 3935 velocitate

207 3981 340 4079 globus
369 3982 612 4053 resistentiam
640 3981 785 4077 patitur,
813 4006 897 4074 quae
928 3979 977 4050 sit
1006 3979 1052 4049 ad
1080 3979 1160 4075 ejus
1186 3979 1333 4074 pondus
1357 3998 1397 4051 ut
1422 3986 1580 4073 o,61705
1614 3983 1662 4054 ad

215 4124 292 4184 121,
312 4097 370 4170 vel
393 4098 437 4191 (si
466 4098 682 4170 resistentiae
709 4121 794 4190 pars
814 4094 874 4166 illa
890 4093 969 4167 sola
994 4110 1181 4188 spectetur
1206 4120 1290 4190 quae
1317 4113 1374 4168 est
1401 4097 1437 4167 in
1456 4096 1662 4170 velocitatis

209 4218 350 4289 ratione
368 4212 567 4309 duplicata)
588 4228 628 4285 ut
645 4237 680 4300 0,
687 4219 756 4304 567
763 4233 804 4303 52
826 4212 873 4283 ad
900 4235 976 4283 121.

286 4334 554 4430 Experimento
572 4348 696 4404 autem
715 4328 966 4424 hydrostatico
991 4329 1114 4401 inveni
1134 4328 1234 4423 quod
1261 4330 1407 4425 pondus
1424 4328 1525 4427 globi
1553 4332 1661 4430 hujus

207 4456 319 4554 lignei
346 4470 446 4527 esset
471 4452 519 4524 ad
546 4451 692 4546 pondus
718 4447 819 4546 globi
846 4448 954 4543 aquei
982 4446 1247 4543 magnitudinis
1274 4446 1439 4543 ejusdem
1468 4462 1509 4518 ut
1536 4469 1580 4540 55
1613 4449 1661 4523 ad

209 4597 283 4667 97:
312 4575 347 4646 ἃ
375 4586 571 4666 propterea
596 4595 680 4642 cum
714 4591 774 4638 121
808 4568 856 4639 sit
886 4566 933 4638 ad
965 4590 1073 4659 213,4
1101 4567 1136 4637 in
1168 4566 1299 4639 eadem
1332 4567 1482 4651 ratione,
1510 4568 1580 4640 erit
1607 4595 1661 4643 re·

208 4693 374 4765 sistentia
398 4689 498 4787 globi
523 4688 631 4784 aquei
664 4686 817 4783 praesata
840 4710 923 4758 cum
951 4684 1145 4756 velocitate
1173 4685 1443 4781 progredientis
1471 4687 1519 4758 ad
1548 4689 1663 4784 ipsius

211 4810 357 4905 pondus
376 4824 417 4881 ut
434 4813 590 4899 o,56752
611 4807 659 4878 ad
689 4830 729 4876 21
740 4829 807 4897 Μ,
828 4804 864 4875 id
883 4818 948 4888 est,
970 4817 1009 4874 ut
1034 4827 1044 4873 1
1069 4803 1116 4873 ad
1146 4802 1267 4895 37⁶³¹⁰·
1339 4802 1452 4877 Unde
1471 4830 1553 4877 cum
1572 4832 1663 4902 pon.
