4088 5768
469 393 538 478 462
933 388 1000 443 DE
1021 388 1182 446 MCNDI
1203 387 1474 444 Sl'STErllATE

468 586 505 656 in
523 583 641 679 ellipsi
660 583 795 655 circum
814 597 958 666 terram,
979 582 1015 654 in
1035 583 1113 679 ejus
1132 580 1305 654 umbilico
1325 581 1496 654 inferiore
1514 580 1783 674 constitutam,
1814 596 1979 671 revolvi

467 700 608 796 primus
634 699 771 771 statuit.
842 698 1018 771 Haller'us
1041 715 1207 771 centrum
1226 696 1397 793 ellipseos
1417 699 1453 770 in
1472 697 1637 793 epicyclo
1656 698 1829 795 locavit,
1854 718 1974 814 cujus

471 830 637 888 centrum
673 814 904 887 uniformiter
937 813 1140 888 revolvitur
1175 814 1309 886 circum
1346 829 1491 887 terram.
1566 816 1618 887 Et
1663 843 1717 892 ex
1752 846 1896 904 -motu
1937 835 1976 907 in

471 931 635 1028 epicyclo
666 933 832 1005 oriuntur
862 931 1131 1028 inaequalitates
1154 932 1232 1028 jam
1264 931 1372 1003 dictae
1406 932 1441 1003 in
1469 959 1670 1031 progressu
1702 938 1744 1012 81
1775 969 1977 1045 regressu

472 1050 617 1147 apogaei
649 1048 685 1122 81
720 1051 926 1145 quantitate
961 1047 1250 1122 eccentricitatis
1325 1047 1455 1120 Dividi
1492 1048 1729 1147 intelligatur
1770 1060 1979 1141 distantia

473 1168 667 1241 mediocris
685 1166 784 1240 luna:
803 1193 825 1239 a
843 1182 940 1240 terra
959 1168 994 1239 in
1013 1182 1136 1262 partes
1161 1189 1315 1252 100000‚
1336 1165 1372 1238 81
1399 1165 1532 1238 referat
1565 1167 1603 1238 Τ
1623 1182 1772 1247 terram
1807 1179 1850 1252 &
1890 1185 1983 1259 TC

473 1286 781 1359 eccentricitatem
801 1285 1024 1357 mediocrem
1043 1283 1139 1356 lunae
1158 1283 1317 1378 partium
1338 1304 1444 1376 5505.
1519 1284 1762 1364 Producatur
1797 1297 1844 1368 T
1857 1302 1897 1373 C
1919 1305 1974 1377 ad

471 1403 519 1487 B,
539 1419 580 1474 ut
597 1403 645 1474 sit
671 1402 750 1473 CB
775 1402 877 1473 sinus
895 1402 1114 1496 aequationis
1134 1401 1304 1473 maximae
1331 1401 1519 1473 semestris
1544 1414 1620 1472 12⁸¹·
1646 1405 1707 1476 18‘
1727 1411 1784 1482 ad
1805 1418 1971 1494 radium

481 1519 569 1605 TC,
606 1518 642 1590 81
677 1516 831 1589 circulus
860 1519 1002 1622 BOA
1040 1534 1167 1591 centro
1205 1519 1239 1590 C
1270 1516 1463 1591 intervallo
1501 1518 1583 1590 CB
1618 1519 1851 1622 descriptus
1892 1539 1969 1611 erit

473 1633 657 1730 epicyclus
676 1634 736 1707 ille
755 1637 790 1706 in
806 1660 880 1730 quo
894 1651 1060 1709 centrum
1074 1636 1172 1708 orbis
1186 1632 1322 1706 lunaris
1336 1634 1478 1708 locatur
1492 1635 1528 1708 81
1542 1639 1757 1716 secundum
1774 1650 1967 1728 ordinem

474 1750 661 1825 literarum
679 1751 717 1822 B
731 1753 772 1823 D
784 1752 824 1823 A
847 1752 1056 1826 revolvitur.
1114 1753 1291 1847 Capiatur
1308 1750 1467 1850 angulus
1485 1752 1523 1823 B
1540 1753 1574 1825 C
1583 1754 1626 1824 D
1644 1759 1814 1853 aequalis
1836 1768 1966 1866 duplo

473 1887 693 1969 argumento
723 1896 857 1957 annu0‚
885 1897 950 1944 seu
978 1869 1101 1965 duplae
1128 1870 1313 1942 distantiae
1348 1870 1426 1942 veri
1463 1868 1532 1942 loci
1568 1869 1658 1944 solis
1695 1876 1747 1949 ab
1788 1907 1965 1983 apogaeo

473 1986 570 2061 lunae
596 1986 709 2061 semel
737 2005 894 2084 aequam,
923 1986 959 2059 81
990 1987 1059 2060 erit
1093 1987 1179 2060 CT
1187 1988 1229 2058 D
1259 1987 1419 2081 aequatio
1446 1988 1637 2061 semestris
1663 1999 1824 2093 apogaei
1854 1998 1963 2079 lunae

471 3036 507 3110 81
551 3036 589 3106 T
593 3034 635 3105 D
669 3029 918 3106 eccentricitas
953 3025 1052 3099 orbis
1094 3027 1174 3122 ejus
1218 3025 1254 3097 in
1298 3052 1495 3124 apogaeum
1538 3032 1705 3105 secundo
1745 3057 1946 3133 aequatum

471 3153 638 3227 tendens
749 3147 899 3218 Habitis
942 3159 1066 3216 autem
1119 3141 1215 3215 lunae
1270 3160 1372 3215 motu
1426 3146 1549 3219 medio
1593 3146 1629 3219 81
1685 3175 1851 3251 apogaeo
1907 3159 1944 3232 8:

470 3267 749 3350 eccentricitate‚
770 3263 864 3336 0181
883 3262 981 3334 orbis
1001 3286 1071 3332 axe
1090 3261 1229 3356 majore
1248 3262 1406 3355 partium
1429 3288 1596 3349 2000003
1624 3291 1671 3338 ex
1700 3267 1759 3342 his
1788 3291 1944 3349 eruetur

470 3414 580 3461 verus
599 3385 696 3458 lunae
715 3382 816 3456 locus
836 3381 871 3452 in
890 3380 979 3451 orbe
998 3378 1034 3450 81
1052 3377 1228 3449 distantia
1245 3379 1325 3475 ejus
1343 3405 1365 3450 a
1384 3394 1489 3466 terra,
1510 3380 1621 3476 idque
1648 3408 1717 3478 per
1736 3389 1940 3465 methodos

469 3506 689 3580 notissimas

541 3625 583 3695 ln
603 3617 781 3717 perihelio
800 3632 916 3697 terne,
936 3629 1087 3709 propter
1106 3613 1281 3710 majorem
1309 3614 1385 3686 vim
1405 3614 1502 3700 50115,
1522 3631 1689 3690 centrum
1707 3620 1812 3695 orbis
1837 3622 1938 3701 lunae

469 3738 632 3812 velocius
669 3750 842 3808 movetur
876 3731 1011 3802 circum
1047 3746 1212 3801 centrum
1251 3729 1285 3800 C
1316 3755 1427 3825 quam
1473 3733 1509 3804 in
1545 3732 1703 3828 aphelio‚
1746 3739 1864 3837 idque
1901 3745 1937 3817 in

469 3857 651 3954 triplicata
682 3854 823 3925 ratione
855 3847 1041 3920 distantiae
1072 3862 1178 3919 terrae
1210 3873 1232 3918 a
1263 3847 1341 3921 sole
1373 3851 1529 3923 inverse.
1584 3850 1647 3923 Ob
1679 3860 1936 3951 aeqnationem

468 3975 581 4048 centri
602 3970 688 4045 solis
717 3971 751 4040 in
780 3980 999 4064 argumento
1026 3988 1149 4036 annuo
1176 3966 1491 4060 comprehensam,
1511 3984 1678 4043 centrum
1705 3975 1808 4048 orbis
1836 3978 1935 4055 lunae

467 4090 631 4165 velocius
658 4101 829 4159 movetur
855 4083 891 4154 in
918 4079 1083 4176 epicyclo
1109 4081 1255 4152 ΒΗΑ
1287 4083 1322 4155 10
1350 4084 1536 4180 duplicata
1563 4087 1706 4162 ratione
1742 4093 1935 4173 distantiae

467 4233 574 4289 terrae
601 4208 719 4284 asole
747 4207 900 4279 inverse.
977 4201 1031 4272 Ut
1058 4200 1155 4271 idem
1183 4201 1304 4274 adhuc
1330 4203 1494 4277 velocius
1519 4223 1715 4280 moveatur
1733 4210 1771 4283 in
1791 4217 1937 4291 ratione

466 4329 621 4427 simplici
648 4323 833 4398 distantiae
862 4321 1026 4404 inverse;
1054 4319 1101 4390 ab
1128 4319 1226 4391 orbis
1253 4336 1380 4394 centro
1398 4324 1440 4393 l)
1466 4339 1598 4420 agatur
1615 4339 1717 4397 recta
1735 4328 1836 4404 DE
1852 4361 1936 4409 ver-

465 4473 527 4519 sus
546 4467 742 4541 apogaeum
757 4440 863 4522 lunae,
883 4462 947 4508 seu
964 4453 1072 4509 rectae
1099 4436 1135 4507 T
1143 4436 1177 4507 C
1191 4436 1374 4531 parallela‚
1397 4438 1432 4511 &
1451 4439 1617 4534 capiatur
1633 4442 1798 4539 angulus
1817 4450 1944 4524 EDF

465 4563 617 4658 aequalis
644 4558 810 4634 excessui
837 4555 1044 4652 argumenti
1071 4555 1182 4626 annui
1210 4555 1375 4650 praedicti
1404 4582 1514 4652 supra
1537 4555 1755 4633 distantiam
1783 4571 1938 4666 apogaei

464 4678 562 4751 lunae
580 4704 602 4749 a
621 4678 783 4772 perigaeo
802 4671 888 4745 solis
912 4671 946 4742 in
974 4671 1258 4765 consequentia;
1286 4671 1347 4745 vel
1366 4673 1467 4768 quod
1494 4671 1648 4768 perinde
1674 4691 1735 4749 est
1763 4683 1940 4780 capiatur
