4110 5782
294 448 362 517 24²
773 425 840 484 DE
860 426 998 486 MOTU
1013 425 1271 486 CORPORUM

292 635 488 717 aequantur
506 620 601 693 inter
616 644 667 705 se,
683 619 719 692 8ι
736 617 953 695 velocitates
971 620 1101 715 primae
1120 621 1161 691 A
1174 622 1220 707 B,
1240 621 1333 693 DE
1348 636 1436 693 sunt
1453 618 1589 693 ultimis
1606 622 1670 708 ab,
1688 623 1749 713 a'e,

292 737 329 810 81
372 753 569 833 propterea
610 736 815 810 dividendo
857 737 1023 832 partibus
1067 737 1178 810 etiam
1217 737 1295 810 suis
1337 738 1483 811 amissis
1520 740 1562 809 A
1583 740 1749 825 B-ab,

293 854 389 928 DE
395 853 467 927 -a'
474 879 493 927 e
516 852 818 949 proportionales,
874 852 917 941 Q.
932 853 980 925 E.
994 853 1045 925 D.

501 1069 873 1145 PROPOSITIO
918 1071 1023 1145 Vll.
1093 1072 1450 1145 THEOREMA
1496 1073 1546 1146 V.

298 1251 463 1347 Corpora
487 1251 662 1346 splecerz'ca
687 1252 816 1348 qeez'bus
842 1252 1028 1325 resistitur
1051 1253 1092 1325 ire
1117 1253 1305 1349 duplicata
1340 1253 1481 1326 ratione
1512 1253 1748 1338 velocitatem,

346 1368 572 1463 temporibus,
597 1394 678 1465 quta
700 1380 790 1443 sunt
813 1378 858 1442 ut
881 1379 999 1442 motus
1014 1369 1142 1464 primi
1162 1369 1294 1442 directe
1320 1372 1369 1448 ὃ
1393 1370 1603 1443 resistentia
1614 1370 1754 1465 prima

346 1485 491 1571 inverse,
531 1487 702 1559 amittent
729 1497 859 1582 partes
896 1497 1061 1560 motuum
1089 1488 1386 1583 proportionales
1423 1487 1518 1576 totis,
1547 1488 1596 1565 <⁰9⁴
1632 1488 1760 1582 spelta

346 1600 541 1674 descra‘bent
573 1603 791 1698 temporibus
815 1604 896 1677 istri
923 1607 971 1682 ὅ
996 1605 1238 1678 veloce'tate'bus
1253 1605 1395 1702 primes
1427 1604 1645 1700 conjunctim
1661 1613 1750 1700 pro·

338 1719 577 1814 portionalza.

368 1898 544 1994 Namque
570 1915 738 1973 motuum
764 1915 887 1997 partes
914 1901 1061 1974 amissae
1087 1915 1174 1974 sunt
1200 1914 1242 1973 ut
1268 1900 1486 1973 resistentiae
1514 1899 1550 1973 8ι
1584 1913 1752 1993 tempora

284 2015 529 2112 conjunctim.
587 2016 706 2114 Igitur
730 2034 771 2090 ut
796 2034 921 2114 partes
948 2016 1018 2092 illae
1045 2018 1119 2091 sint
1144 2017 1232 2091 totis
1266 2014 1569 2112 proportionales,
1601 2014 1753 2088 debebit
1841 2033 1843 2037 ·

298 2130 505 2204 resistentia
532 2130 741 2228 &tempus
775 2136 999 2234 conjunctim
1034 2161 1117 2210 esse
1151 2150 1193 2208 ut
1226 2150 1358 2208 motus,
1416 2133 1576 2206 Proinde
1606 2150 1752 2228 tempus

297 2247 368 2321 erit
392 2262 434 2321 ut
459 2263 582 2323 motus
608 2249 747 2324 directe
774 2251 1044 2327 &resistentia
1071 2253 1226 2326 inverse.
1282 2251 1408 2344 Quare
1435 2266 1643 2345 temporum
1669 2275 1751 2345 par-

297 2363 416 2438 ticulis
443 2367 479 2439 in
506 2391 552 2439 ea
578 2365 719 2441 ratione
753 2370 919 2465 sumptis,
956 2395 1110 2465 corpora
1152 2369 1324 2441 amittent
1365 2392 1514 2462 semper
1555 2364 1752 2462 particulas

298 2495 465 2554 motuum
484 2481 777 2579 proportionales
795 2485 891 2571 totis,
912 2485 1071 2581 ideoque
1089 2484 1300 2558 retinebunt
1317 2482 1532 2556 velocitates
1550 2481 1750 2555 velocitati-

297 2596 367 2669 bus
401 2599 477 2671 suis
512 2599 639 2694 primis
670 2624 818 2696 semper
842 2599 1145 2698 proportionales,
1200 2601 1253 2674 Et
1278 2600 1327 2674 ob
1353 2600 1479 2673 datam
1514 2598 1751 2673 velocitatum

298 2712 489 2802 rationem,
504 2713 715 2788 describent
731 2742 879 2812 semper
895 2718 1024 2813 spatia,
1043 2742 1128 2814 quae
1151 2731 1238 2790 sunt
1263 2733 1305 2790 ut
1327 2713 1543 2790 velocitates
1569 2715 1697 2811 primae
1717 2713 1753 2786 &

298 2843 467 2923 tempora
484 2830 716 2927 conjunctim.
771 2832 817 2922 Q.
831 2833 877 2906 E.
891 2834 942 2906 D.

370 2945 487 3018 Corol.
522 2969 550 3019 1.
582 2946 701 3043 lgitur
717 2947 748 3020 si
767 2947 1055 3044 aequivelocibus
1073 2949 1287 3045 corporibus
1305 2948 1485 3021 resistitur
1506 2947 1543 3018 in
1567 2943 1753 3041 duplicata

300 3059 441 3132 ratione
475 3058 762 3138 diametrorum:
804 3063 906 3162 globi
942 3065 1162 3163 homogenei
1197 3066 1477 3162 quibuscunque
1505 3088 1589 3134 cum
1617 3060 1750 3134 veloci-

300 3176 437 3248 tatibus
463 3177 563 3263 moti,
590 3177 835 3255 describendo
861 3182 981 3278 spatia
1006 3181 1195 3255 diametris
1221 3181 1297 3253 suis
1323 3176 1619 3275 proportionalia,
1646 3177 1750 3248 amit-

300 3306 380 3364 tent
397 3308 520 3387 partes
540 3309 706 3368 motuum
724 3298 1017 3394 proportionales
1035 3299 1131 3372 totis
1188 3298 1316 3370 Motus
1340 3295 1438 3368 enim
1455 3291 1556 3390 globi
1574 3294 1752 3388 cujusque

299 3407 369 3481 erit
386 3424 427 3481 ut
444 3410 523 3507 ejus
541 3409 717 3485 velocitas
737 3415 773 3487 81
791 3440 913 3487 massa
931 3415 1163 3512 conjunctim,
1183 3414 1220 3486 id
1245 3427 1311 3498 est,
1331 3427 1371 3483 ut
1388 3409 1564 3483 velocitas
1583 3408 1619 3480 81
1637 3407 1752 3479 cubus

299 3522 490 3611 diametri;
518 3526 725 3600 resistentia
753 3528 835 3626 (per
857 3530 1094 3627 hypothesin)
1120 3531 1189 3602 erit
1212 3544 1253 3602 ut
1279 3528 1497 3625 quadratum
1523 3522 1753 3597 diametri&

299 3640 520 3735 quadratum
532 3641 738 3717 velocitatis
756 3647 992 3743 conjunctim;
1013 3646 1049 3718 81
1070 3662 1216 3740 tempus
1237 3643 1428 3741 (perhanc
1446 3634 1750 3736 propositionem)

300 3771 358 3830 est
385 3758 420 3830 in
448 3759 590 3833 ratione
615 3761 737 3857 priore
763 3761 902 3835 directe
929 3762 964 3834 81
991 3762 1132 3834 ratione
1158 3760 1361 3856 posteriore
1385 3759 1538 3840 inverse,
1565 3753 1600 3825 id
1626 3768 1692 3837 est,
1712 3766 1753 3823 ut

299 3871 482 3947 diameter
506 3874 645 3948 directe
671 3875 707 3949 dr
733 3874 910 3950 velocitas
941 3878 1107 3965 inverse;
1143 3876 1302 3972 ideoque
1327 3875 1496 3970 spatium,
1532 3868 1687 3963 tempori
1716 3866 1752 3938 8ι

300 3986 485 4062 velocitati
504 3991 786 4087 proportionale,
806 4008 863 4065 est
880 4007 921 4065 ut
938 3993 1125 4066 diameter.

370 4104 487 4177 Corol.
520 4130 551 4178 2.
580 4106 622 4178 Si
640 4106 928 4202 aequivelocibus
946 4109 1160 4204 corporibus
1178 4106 1359 4180 resistitur
1381 4105 1418 4176 in
1445 4101 1584 4174 ratione
1610 4096 1750 4190 sesqui-

298 4217 434 4315 plicata
459 4220 747 4295 diametrorum:
772 4222 873 4320 globi
898 4223 1118 4320 homogenei
1146 4224 1426 4318 quibuscunque
1448 4241 1530 4291 cum
1548 4212 1749 4285 velocitati-

299 4333 369 4406 bus
396 4335 495 4421 moti,
523 4335 768 4409 describendo
802 4339 922 4432 spatia
952 4338 987 4409 in
1023 4336 1282 4433 sesquiplicata
1312 4337 1452 4410 ratione
1477 4332 1748 4407 diametrorum,

298 4450 470 4523 amittent
487 4467 612 4546 partes
630 4467 797 4523 motuum
816 4451 1106 4548 proportionales
1125 4454 1220 4526 totis

370 4566 487 4640 Corol.
519 4592 550 4661 3.
584 4568 635 4640 Et
653 4566 918 4653 universaliter,
932 4569 963 4641 si
982 4566 1269 4662 aequivelocibus
1287 4561 1496 4661 corporibus
1515 4550 1692 4626 resistitur
1711 4548 1748 4619 in

299 4680 440 4755 ratione
474 4682 666 4781 dignitatis
700 4684 951 4781 cujuscunque
984 4684 1272 4758 diametrorum:
1315 4676 1433 4775 spatia
1473 4665 1604 4763 qubus
1645 4660 1749 4759 gIObl

297 4798 529 4896 homogenei,
567 4800 848 4896 quibuscunque
878 4824 962 4872 cum
997 4797 1255 4874 velocitatibus
1288 4793 1387 4876 moti,
1422 4783 1590 4859 amittent
1623 4792 1751 4872 partes
