4110 5782
849 488 991 548 LIBER
1019 486 1202 547 PRIMUS.
1686 508 1750 557 111

296 684 485 783 quantitas
503 707 599 757 areae
617 684 879 758 abscindendae
897 683 1054 780 tempori
1073 678 1364 779 proportionalis.
1417 680 1477 754 Sit
1502 705 1548 754 ea
1570 677 1618 767 A,
1638 680 1674 754 81
1692 679 1757 754 fiat

297 803 509 900 conjectura
525 801 574 874 de
592 801 775 897 positione
794 818 903 875 rectae
918 801 952 873 S
959 802 1005 886 P,
1024 825 1109 897 quae
1135 825 1259 873 aream
1285 799 1326 870 A
1343 799 1381 870 Ρ
1394 798 1428 870 S
1442 797 1634 871 abscindat
1656 823 1755 871 verae

298 919 515 1016 proximam.
569 917 754 1016 Jungatur
773 919 863 1003 OP,
883 917 919 991 81
936 918 984 990 ab
1001 916 1042 990 A
1064 916 1101 990 81
1118 917 1157 988 P
1173 915 1221 990 ad
1239 929 1476 1012 asymptoton
1494 929 1653 1014 agantur
1669 915 1710 986 A
1719 915 1755 1005 l,

297 1037 394 1111 PK
406 1049 619 1132 asymptoto
642 1034 746 1109 alteri
772 1032 890 1132 paral·

230 1152 237 1163 “
297 1152 389 1240 lelae,
404 1153 441 1227 8ι
458 1179 525 1250 per
538 1152 701 1227 tabulam
715 1152 892 1252 logarith-

298 1296 443 1346 morum
461 1271 610 1344 dabitur
625 1296 712 1344 area
732 1271 773 1342 A
777 1270 891 1356 IKP,

298 1389 409 1488 eique
445 1387 599 1486 aequalis
629 1414 715 1462 area
747 1389 892 1474 OPA,

299 1533 385 1606 quae
419 1506 602 1580 subducta
630 1506 680 1580 de
710 1503 895 1604 triangulo

300 1622 431 1724 ogPS
461 1622 645 1720 relinquet
674 1648 799 1697 aream
830 1623 894 1696 ab·

297 1740 453 1815 scissam
470 1742 511 1813 A
525 1742 608 1815 PS.
655 1738 895 1838 Applicando

298 1882 396 1931 areae
414 1856 677 1931 abscindendae
703 1855 741 1929 A
767 1859 803 1930 &
829 1859 892 1931 ab·

298 1973 424 2048 scissae
467 1975 507 2047 A
521 1974 608 2047 PS
646 1974 892 2049 differentiam

300 2089 453 2190 duplam
481 2116 500 2164 2
529 2092 737 2165 APS-2
768 2093 804 2165 A
832 2091 893 2167 vel

301 2233 321 2282 2
359 2210 471 2281 A-2
504 2207 648 2281 APS
674 2207 723 2281 ad
758 2207 895 2282 lineam
1447 2303 1450 2307 .

300 2326 335 2398 S
341 2327 396 2412 N,
415 2351 500 2422 quae
526 2325 574 2397 ab
600 2324 773 2400 umbilico
800 2326 892 2398 Sin
938 2315 946 2348 ¹
1325 2312 1350 2358 Ψ
1442 2313 1469 2356 Α

296 2458 512 2541 tangentem
551 2442 631 2515 ΤΡ
659 2442 971 2538 perpendicularis
998 2460 1064 2529 est,
1091 2447 1230 2520 orietur
1259 2445 1453 2545 longitudo
1482 2446 1632 2521 chordae
1656 2447 1751 2537 PQ.

301 2560 526 2635 inscribatur
542 2577 666 2633 autem
684 2559 823 2634 chorda
837 2559 898 2634 illa
914 2563 998 2653 PQ
1017 2564 1113 2637 inter
1128 2566 1169 2637 A
1191 2564 1227 2638 81
1248 2565 1290 2649 P,
1310 2564 1341 2636 si
1359 2588 1445 2637 area
1461 2563 1624 2636 abscissa
1640 2565 1759 2638 APS

296 2677 416 2775 major
427 2678 476 2750 sit
493 2702 581 2750 area
598 2676 851 2751 abscindenda
869 2679 916 2765 A,
936 2704 1042 2753 secus
1061 2681 1108 2753 ad
1126 2682 1253 2778 puncti
1271 2682 1309 2752 P
1325 2680 1525 2755 contrarias
1542 2696 1691 2778 partes:
1718 2680 1755 2755 81

297 2810 474 2891 punctum
493 2794 528 2884 Q
550 2795 620 2867 erit
637 2793 738 2868 locus
756 2797 919 2893 corporis
937 2798 1147 2874 accuratior.
1219 2799 1272 2872 Et
1297 2799 1573 2895 computatione
1599 2799 1755 2895 repetita

297 2910 506 2985 invenietur
523 2910 621 2984 idem
639 2913 842 2987 accuratior
859 2913 895 2985 in
913 2929 1143 3010 perpetuum.

365 3027 496 3126 Atque
513 3028 570 3101 his
588 3026 735 3102 calculis
752 3029 946 3125 problema
966 3030 1190 3129 generaliter
1214 3032 1327 3108 confit
1352 3030 1542 3130 analytice
1612 3032 1754 3107 Verum

296 3144 424 3219 usibus
435 3147 689 3221 astronomicis
701 3147 1013 3221 accommodatior
1024 3164 1082 3222 est
1092 3148 1251 3224 calculus
1262 3148 1489 3247 particularis
1500 3149 1564 3246 qui
1577 3150 1752 3246 sequitur.

299 3261 558 3337 Existentibus
583 3264 624 3335 A
644 3263 687 3349 0,
709 3265 799 3350 OB,
822 3266 909 3338 OD
934 3266 1160 3340 semiaxibus
1186 3266 1368 3364 ellipseos,
1388 3266 1425 3340 8ι
1445 3267 1478 3339 L
1505 3268 1620 3364 ipsius
1637 3265 1753 3342 latere

297 3395 407 3466 recto,
426 3407 469 3455 ac
490 3381 527 3454 D
545 3381 753 3455 differentia
771 3384 866 3455 inter
882 3383 1085 3457 semiaxem

296 3498 478 3571 minorem
499 3498 576 3570 OD
592 3497 629 3571 8ι
646 3496 771 3573 lateris
785 3500 873 3572 recti
892 3500 1085 3573 semissem

296 3612 401 3703 }L;
436 3640 562 3711 quaere
588 3629 668 3688 tum
700 3613 875 3713 angulum
907 3615 953 3702 Y,
982 3616 1086 3714 cujus

295 3731 400 3805 sinus
417 3731 465 3804 sit
482 3732 531 3805 ad
548 3731 692 3806 radium
707 3747 748 3805 ut
761 3747 819 3805 est
832 3730 1086 3829 rectangulum

295 3849 369 3922 sub
393 3849 601 3924 differentia
627 3847 688 3922 illa
716 3849 764 3935 D,
784 3848 820 3922 81
846 3849 1086 3923 semisumma
1109 3875 1136 3921 a
1229 3921 1237 3950 ς

294 3966 421 4039 axium
437 3967 479 4039 A
496 3968 570 4047 0÷
584 3967 670 4039 OD
686 3965 735 4038 ad
761 3966 982 4061 quadratum
1005 3966 1086 4038 axis

296 4083 446 4180 majoris
463 4083 504 4154 A
517 4083 557 4155 Β
566 4112 581 4168 ,·
607 4097 686 4155 tum
712 4081 889 4180 angulum
917 4082 957 4167 Z,
981 4083 1086 4179 cujus

295 4199 399 4272 sinus
432 4200 482 4273 sit
515 4199 563 4273 ad
600 4200 743 4272 radium
779 4215 820 4271 ut
845 4214 903 4271 est
932 4197 1086 4295 duplum

295 4313 548 4414 rectangulum
563 4316 634 4389 sub
646 4313 901 4388 umbilicorum
912 4314 1087 4387 distantia

295 4430 332 4504 S
338 4430 391 4504 H
403 4431 439 4504 8ι
456 4432 664 4506 differentia
681 4430 741 4505 illa
762 4432 799 4505 D
818 4431 865 4504 ad
884 4430 1034 4528 triplum
1052 4428 1274 4528 quadratum
1292 4427 1467 4500 semiaxis
1486 4424 1635 4523 majoris
1652 4421 1747 4496 AO.

299 4548 374 4622 His
392 4548 537 4648 angulis
554 4547 669 4624 semel
689 4549 858 4635 inventis;
878 4546 979 4622 locus
990 4547 1154 4645 corporis
1172 4546 1224 4620 sic
1242 4545 1419 4640 deinceps
1436 4543 1751 4617 determinabitur.

295 4665 414 4739 Sume
430 4666 607 4765 angulum
627 4667 662 4739 T
681 4664 993 4763 proportionalem
1021 4664 1177 4760 tempori
1204 4687 1280 4759 quo
1306 4686 1411 4734 arcus
1436 4660 1524 4732 BP
1545 4659 1752 4755 descriptus

294 4797 363 4869 est,
398 4807 465 4856 seu
507 4783 624 4857 motui
667 4784 791 4857 medio
836 4782 893 4880 (ut
927 4779 1142 4879 loquuntur)
1174 4776 1376 4876 aequalem;
1420 4776 1457 4849 8ι
1490 4774 1667 4875 angulum
1707 4775 1753 4859 V,

298 4898 455 4994 primam
474 4899 586 4972 medii
604 4916 727 4973 motus
745 4899 1004 4995 aequationem,
1023 4897 1072 4970 ad
1097 4894 1274 4995 angulum
1301 4895 1348 4981 Y,
1367 4894 1616 4991 aequationem
1638 4892 1753 4966 maxi-
