<?xml version="1.0" encoding="UTF-8"?>
<!DOCTYPE html PUBLIC "-//W3C//DTD XHTML 1.0 Transitional//EN"
    "http://www.w3.org/TR/xhtml1/DTD/xhtml1-transitional.dtd">
<html xmlns="http://www.w3.org/1999/xhtml" xml:lang="en" lang="en">
 <head>
  <title>
</title>
<meta http-equiv="Content-Type" content="text/html;charset=utf-8" />
  <meta name='ocr-system' content='tesseract 3.04.00' />
  <meta name='ocr-capabilities' content='ocr_page ocr_carea ocr_par ocr_line ocrx_word'/>
</head>
<body>
  <div class='ocr_page' id='page_1' title='image "./sirisaacnewtons01newtgoog_0132.png"; bbox 0 0 4088 5768; ppageno 0'>
   <div class='ocr_carea' id='block_1_1' title="bbox 850 385 1197 446">
    <p class='ocr_par' dir='ltr' id='par_1_1' title="bbox 850 385 1197 446">
     <span class='ocr_line' id='line_1_1' title="bbox 850 385 1197 446; baseline -0.003 -1"><span class='ocrx_word' id='word_1_1' title='bbox 850 386 992 445; x_wconf 83' lang='lat' dir='ltr'><em>LIBER</em></span> <span class='ocrx_word' id='word_1_2' title='bbox 1011 385 1197 446; x_wconf 82' lang='lat' dir='ltr'><em>PRIMUS.</em></span> 
     </span>
    </p>
   </div>
   <div class='ocr_carea' id='block_1_2' title="bbox 299 568 1144 667">
    <p class='ocr_par' dir='ltr' id='par_1_2' title="bbox 299 568 1144 667">
     <span class='ocr_line' id='line_1_2' title="bbox 299 568 1144 667; baseline -0.002 -13"><span class='ocrx_word' id='word_1_3' title='bbox 299 596 338 654; x_wconf 91' lang='lat' dir='ltr'>to</span> <span class='ocrx_word' id='word_1_4' title='bbox 352 578 422 654; x_wconf 85' lang='lat' dir='ltr'>illae</span> <span class='ocrx_word' id='word_1_5' title='bbox 439 579 493 652; x_wconf 75' lang='lat' dir='ltr'>ti</span> <span class='ocrx_word' id='word_1_6' title='bbox 507 568 544 653; x_wconf 73' lang='lat' dir='ltr'>u</span> <span class='ocrx_word' id='word_1_7' title='bbox 560 579 621 667; x_wconf 76' lang='lat' dir='ltr'>kl,</span> <span class='ocrx_word' id='word_1_8' title='bbox 640 579 689 652; x_wconf 79' lang='lat' dir='ltr'>ik</span> <span class='ocrx_word' id='word_1_9' title='bbox 706 579 743 653; x_wconf 75' lang='lat' dir='ltr'>u</span> <span class='ocrx_word' id='word_1_10' title='bbox 759 579 815 653; x_wconf 76' lang='lat' dir='ltr'>tl</span> <span class='ocrx_word' id='word_1_11' title='bbox 828 580 1017 654; x_wconf 91' lang='lat' dir='ltr'>continen-</span> <span class='ocrx_word' id='word_1_12' title='bbox 1137 623 1144 635; x_wconf 91' lang='lat'><strong>·</strong></span> 
     </span>
    </p>
   </div>
   <div class='ocr_carea' id='block_1_3' title="bbox 296 695 1020 1378">
    <p class='ocr_par' dir='ltr' id='par_1_3' title="bbox 296 695 1020 1378">
     <span class='ocr_line' id='line_1_3' title="bbox 298 695 1019 796; baseline -0.003 -25"><span class='ocrx_word' id='word_1_13' title='bbox 298 713 354 771; x_wconf 91' lang='lat' dir='ltr'>tes</span> <span class='ocrx_word' id='word_1_14' title='bbox 372 695 755 796; x_wconf 85' lang='lat' dir='ltr'>parallelogrammum</span> <span class='ocrx_word' id='word_1_15' title='bbox 772 696 891 772; x_wconf 73' lang='lat' dir='ltr'>titt.</span> <span class='ocrx_word' id='word_1_16' title='bbox 933 697 1019 771; x_wconf 77' lang='lat' dir='ltr'>Sit-</span> 
     </span>
     <span class='ocr_line' id='line_1_4' title="bbox 297 812 1020 911; baseline -0.003 -24"><span class='ocrx_word' id='word_1_17' title='bbox 297 839 370 910; x_wconf 89' lang='lat' dir='ltr'>que</span> <span class='ocrx_word' id='word_1_18' title='bbox 378 824 410 911; x_wconf 80' lang='lat' dir='ltr'>p</span> <span class='ocrx_word' id='word_1_19' title='bbox 427 829 606 910; x_wconf 89' lang='lat' dir='ltr'>punctum</span> <span class='ocrx_word' id='word_1_20' title='bbox 625 815 662 886; x_wconf 94' lang='lat' dir='ltr'>in</span> <span class='ocrx_word' id='word_1_21' title='bbox 686 813 756 888; x_wconf 88' lang='lat' dir='ltr'>hae</span> <span class='ocrx_word' id='word_1_22' title='bbox 780 839 879 887; x_wconf 90' lang='lat' dir='ltr'>nova</span> <span class='ocrx_word' id='word_1_23' title='bbox 902 812 1020 911; x_wconf 86' lang='lat' dir='ltr'>figura</span> 
     </span>
     <span class='ocr_line' id='line_1_5' title="bbox 296 929 1018 1028; baseline -0.001 -25"><span class='ocrx_word' id='word_1_24' title='bbox 296 945 434 1026; x_wconf 90' lang='lat' dir='ltr'>puncto</span> <span class='ocrx_word' id='word_1_25' title='bbox 452 931 490 1002; x_wconf 89' lang='lat' dir='ltr'>in</span> <span class='ocrx_word' id='word_1_26' title='bbox 504 929 623 1028; x_wconf 87' lang='lat' dir='ltr'>figura</span> <span class='ocrx_word' id='word_1_27' title='bbox 633 931 752 1027; x_wconf 90' lang='lat' dir='ltr'>prima</span> <span class='ocrx_word' id='word_1_28' title='bbox 765 929 854 1004; x_wconf 92' lang='lat' dir='ltr'>dato</span> <span class='ocrx_word' id='word_1_29' title='bbox 868 954 1018 1025; x_wconf 91' lang='lat' dir='ltr'>respon-</span> 
     </span>
     <span class='ocr_line' id='line_1_6' title="bbox 297 1046 1018 1145; baseline -0.003 -25"><span class='ocrx_word' id='word_1_30' title='bbox 297 1048 400 1122; x_wconf 93' lang='lat' dir='ltr'>dens.</span> <span class='ocrx_word' id='word_1_31' title='bbox 457 1047 528 1120; x_wconf 93' lang='lat' dir='ltr'>Per</span> <span class='ocrx_word' id='word_1_32' title='bbox 546 1046 675 1144; x_wconf 84' lang='lat' dir='ltr'>figurae</span> <span class='ocrx_word' id='word_1_33' title='bbox 693 1061 860 1120; x_wconf 89' lang='lat' dir='ltr'>centrum</span> <span class='ocrx_word' id='word_1_34' title='bbox 881 1047 1018 1145; x_wconf 82' lang='lat' dir='ltr'>Oaga-</span> 
     </span>
     <span class='ocr_line' id='line_1_7' title="bbox 297 1161 1018 1262; baseline -0.001 -24"><span class='ocrx_word' id='word_1_35' title='bbox 297 1181 356 1238; x_wconf 92' lang='lat' dir='ltr'>tur</span> <span class='ocrx_word' id='word_1_36' title='bbox 363 1175 437 1262; x_wconf 75' lang='lat' dir='ltr'>pq,</span> <span class='ocrx_word' id='word_1_37' title='bbox 452 1164 489 1238; x_wconf 79' lang='lat' dir='ltr'>8t</span> <span class='ocrx_word' id='word_1_38' title='bbox 506 1165 690 1238; x_wconf 86' lang='lat' dir='ltr'>existente</span> <span class='ocrx_word' id='word_1_39' title='bbox 711 1164 771 1260; x_wconf 82' lang='lat' dir='ltr'>Oq</span> <span class='ocrx_word' id='word_1_40' title='bbox 785 1161 918 1259; x_wconf 86' lang='lat' dir='ltr'>aequali</span> <span class='ocrx_word' id='word_1_41' title='bbox 939 1164 1018 1260; x_wconf 79' lang='lat' dir='ltr'>Op,</span> 
     </span>
     <span class='ocr_line' id='line_1_8' title="bbox 296 1279 1019 1378; baseline -0.003 -23"><span class='ocrx_word' id='word_1_42' title='bbox 296 1281 366 1356; x_wconf 90' lang='lat' dir='ltr'>erit</span> <span class='ocrx_word' id='word_1_43' title='bbox 389 1309 413 1378; x_wconf 84' lang='lat' dir='ltr'><em>q</em></span> <span class='ocrx_word' id='word_1_44' title='bbox 438 1296 616 1378; x_wconf 90' lang='lat' dir='ltr'>punctum</span> <span class='ocrx_word' id='word_1_45' title='bbox 644 1279 800 1354; x_wconf 91' lang='lat' dir='ltr'>alterum</span> <span class='ocrx_word' id='word_1_46' title='bbox 827 1306 894 1376; x_wconf 90' lang='lat' dir='ltr'>per</span> <span class='ocrx_word' id='word_1_47' title='bbox 919 1281 1019 1377; x_wconf 90' lang='lat' dir='ltr'>quod</span> 
     </span>
    </p>
   </div>
   <div class='ocr_carea' id='block_1_4' title="bbox 179 1396 1021 1495">
    <p class='ocr_par' dir='ltr' id='par_1_4' title="bbox 179 1396 1021 1495">
     <span class='ocr_line' id='line_1_9' title="bbox 179 1396 1021 1495; baseline -0.002 -23"><span class='ocrx_word' id='word_1_48' title='bbox 179 1440 185 1450; x_wconf 94' lang='lat'>·</span> <span class='ocrx_word' id='word_1_49' title='bbox 296 1399 411 1472; x_wconf 92' lang='lat' dir='ltr'>sectio</span> <span class='ocrx_word' id='word_1_50' title='bbox 446 1398 574 1472; x_wconf 93' lang='lat' dir='ltr'>conica</span> <span class='ocrx_word' id='word_1_51' title='bbox 604 1398 641 1470; x_wconf 89' lang='lat' dir='ltr'>in</span> <span class='ocrx_word' id='word_1_52' title='bbox 669 1397 739 1472; x_wconf 87' lang='lat' dir='ltr'>hae</span> <span class='ocrx_word' id='word_1_53' title='bbox 775 1396 893 1495; x_wconf 86' lang='lat' dir='ltr'>figura</span> <span class='ocrx_word' id='word_1_54' title='bbox 923 1422 1021 1471; x_wconf 90' lang='lat' dir='ltr'>nova</span> 
     </span>
    </p>
   </div>
   <div class='ocr_carea' id='block_1_5' title="bbox 295 1512 1749 2082">
    <p class='ocr_par' dir='ltr' id='par_1_5' title="bbox 297 1512 1017 1589">
     <span class='ocr_line' id='line_1_10' title="bbox 297 1512 1017 1589; baseline -0.001 -1"><span class='ocrx_word' id='word_1_55' title='bbox 297 1516 451 1589; x_wconf 91' lang='lat' dir='ltr'>transire</span> <span class='ocrx_word' id='word_1_56' title='bbox 465 1514 587 1589; x_wconf 88' lang='lat' dir='ltr'>debet</span> <span class='ocrx_word' id='word_1_57' title='bbox 645 1514 717 1587; x_wconf 92' lang='lat' dir='ltr'>Per</span> <span class='ocrx_word' id='word_1_58' title='bbox 730 1512 913 1588; x_wconf 89' lang='lat' dir='ltr'>lemmatis</span> <span class='ocrx_word' id='word_1_59' title='bbox 925 1536 1017 1588; x_wconf 86' lang='lat' dir='ltr'>xxn.</span> 
     </span>
    </p>

    <p class='ocr_par' dir='ltr' id='par_1_6' title="bbox 295 1630 1022 1730">
     <span class='ocr_line' id='line_1_11' title="bbox 295 1630 1022 1730; baseline -0.006 -22"><span class='ocrx_word' id='word_1_60' title='bbox 295 1633 549 1730; x_wconf 89' lang='lat' dir='ltr'>operationem</span> <span class='ocrx_word' id='word_1_61' title='bbox 569 1633 754 1705; x_wconf 85' lang='lat' dir='ltr'>inversam</span> <span class='ocrx_word' id='word_1_62' title='bbox 781 1630 1022 1704; x_wconf 87' lang='lat' dir='ltr'>transferatur</span> 
     </span>
    </p>

    <p class='ocr_par' dir='ltr' id='par_1_7' title="bbox 296 1728 1084 1847">
     <span class='ocr_line' id='line_1_12' title="bbox 296 1728 1084 1847; baseline -0.005 -22"><span class='ocrx_word' id='word_1_63' title='bbox 296 1751 367 1825; x_wconf 91' lang='lat' dir='ltr'>hoc</span> <span class='ocrx_word' id='word_1_64' title='bbox 398 1765 576 1847; x_wconf 92' lang='lat' dir='ltr'>punctum</span> <span class='ocrx_word' id='word_1_65' title='bbox 604 1750 640 1822; x_wconf 93' lang='lat' dir='ltr'>in</span> <span class='ocrx_word' id='word_1_66' title='bbox 668 1748 824 1847; x_wconf 86' lang='lat' dir='ltr'>figuram</span> <span class='ocrx_word' id='word_1_67' title='bbox 850 1749 1017 1845; x_wconf 90' lang='lat' dir='ltr'>primam,</span> <span class='ocrx_word' id='word_1_68' title='bbox 1056 1728 1084 1795; x_wconf 60' lang='grc' dir='ltr'><strong><em>ἦ</em></strong></span> 
     </span>
    </p>

    <p class='ocr_par' dir='ltr' id='par_1_8' title="bbox 297 1865 1749 2082">
     <span class='ocr_line' id='line_1_13' title="bbox 297 1865 1749 1966; baseline -0.002 -25"><span class='ocrx_word' id='word_1_69' title='bbox 297 1868 334 1941; x_wconf 66' lang='lat'>81</span> <span class='ocrx_word' id='word_1_70' title='bbox 364 1869 414 1941; x_wconf 94' lang='lat' dir='ltr'>ibi</span> <span class='ocrx_word' id='word_1_71' title='bbox 445 1867 680 1941; x_wconf 90' lang='lat' dir='ltr'>habebuntur</span> <span class='ocrx_word' id='word_1_72' title='bbox 700 1880 838 1962; x_wconf 87' lang='lat' dir='ltr'>puncta</span> <span class='ocrx_word' id='word_1_73' title='bbox 863 1865 938 1939; x_wconf 92' lang='lat' dir='ltr'>duo</span> <span class='ocrx_word' id='word_1_74' title='bbox 964 1891 1031 1962; x_wconf 90' lang='lat' dir='ltr'>per</span> <span class='ocrx_word' id='word_1_75' title='bbox 1057 1893 1141 1963; x_wconf 85' lang='lat' dir='ltr'>quae</span> <span class='ocrx_word' id='word_1_76' title='bbox 1172 1869 1380 1966; x_wconf 90' lang='lat' dir='ltr'>trajectoria</span> <span class='ocrx_word' id='word_1_77' title='bbox 1410 1866 1654 1942; x_wconf 88' lang='lat' dir='ltr'>describenda</span> <span class='ocrx_word' id='word_1_78' title='bbox 1683 1881 1749 1940; x_wconf 89' lang='lat' dir='ltr'>est.</span> 
     </span>
     <span class='ocr_line' id='line_1_14' title="bbox 303 1982 1749 2082; baseline -0.001 -24"><span class='ocrx_word' id='word_1_79' title='bbox 303 1986 375 2059; x_wconf 90' lang='lat' dir='ltr'>Per</span> <span class='ocrx_word' id='word_1_80' title='bbox 409 1985 540 2058; x_wconf 91' lang='lat' dir='ltr'>eadem</span> <span class='ocrx_word' id='word_1_81' title='bbox 567 2009 658 2057; x_wconf 89' lang='lat' dir='ltr'>vero</span> <span class='ocrx_word' id='word_1_82' title='bbox 683 1982 840 2057; x_wconf 89' lang='lat' dir='ltr'>describi</span> <span class='ocrx_word' id='word_1_83' title='bbox 867 1998 991 2079; x_wconf 89' lang='lat' dir='ltr'>potest</span> <span class='ocrx_word' id='word_1_84' title='bbox 1017 1984 1224 2082; x_wconf 90' lang='lat' dir='ltr'>trajectoria</span> <span class='ocrx_word' id='word_1_85' title='bbox 1255 1983 1315 2058; x_wconf 92' lang='lat' dir='ltr'>illa</span> <span class='ocrx_word' id='word_1_86' title='bbox 1345 2011 1413 2082; x_wconf 93' lang='lat' dir='ltr'>per</span> <span class='ocrx_word' id='word_1_87' title='bbox 1439 1983 1630 2082; x_wconf 90' lang='lat' dir='ltr'>problema</span> <span class='ocrx_word' id='word_1_88' title='bbox 1660 2006 1749 2056; x_wconf 84' lang='lat' dir='ltr'>xvn.</span> 
     </span>
    </p>
   </div>
   <div class='ocr_carea' id='block_1_6' title="bbox 282 2102 451 2192">
    <p class='ocr_par' dir='ltr' id='par_1_9' title="bbox 282 2102 451 2192">
     <span class='ocr_line' id='line_1_15' title="bbox 282 2102 451 2192; baseline -0.018 -15"><span class='ocrx_word' id='word_1_89' title='bbox 282 2102 451 2192; x_wconf 67' lang='lat' dir='ltr'>‚Qffl</span> 
     </span>
    </p>
   </div>
   <div class='ocr_carea' id='block_1_7' title="bbox 771 2362 1276 2435">
    <p class='ocr_par' dir='ltr' id='par_1_10' title="bbox 771 2362 1276 2435">
     <span class='ocr_line' id='line_1_16' title="bbox 771 2362 1276 2435; baseline 0 0"><span class='ocrx_word' id='word_1_90' title='bbox 771 2362 1018 2435; x_wconf 89' lang='lat' dir='ltr'>LEMMA</span> <span class='ocrx_word' id='word_1_91' title='bbox 1065 2362 1276 2435; x_wconf 91' lang='lat' dir='ltr'><strong>XXIII.</strong></span> 
     </span>
    </p>
   </div>
   <div class='ocr_carea' id='block_1_8' title="bbox 296 2528 1755 2930">
    <p class='ocr_par' dir='ltr' id='par_1_11' title="bbox 296 2528 1755 2930">
     <span class='ocr_line' id='line_1_17' title="bbox 296 2528 1752 2661; baseline -0.001 -24"><span class='ocrx_word' id='word_1_92' title='bbox 296 2565 346 2637; x_wconf 81' lang='lat' dir='ltr'>Si</span> <span class='ocrx_word' id='word_1_93' title='bbox 361 2575 463 2638; x_wconf 81' lang='lat' dir='ltr'>rectoe</span> <span class='ocrx_word' id='word_1_94' title='bbox 470 2564 737 2661; x_wconf 74' lang='lat' dir='ltr'>duoepon&#39;tz&#39;onr</span> <span class='ocrx_word' id='word_1_95' title='bbox 751 2565 848 2638; x_wconf 76' lang='lat' dir='ltr'>dolce</span> <span class='ocrx_word' id='word_1_96' title='bbox 864 2565 901 2638; x_wconf 90' lang='lat' dir='ltr'><strong>A</strong></span> <span class='ocrx_word' id='word_1_97' title='bbox 910 2566 953 2656; x_wconf 90' lang='lat' dir='ltr'>C,</span> <span class='ocrx_word' id='word_1_98' title='bbox 971 2566 1048 2639; x_wconf 92' lang='lat' dir='ltr'>BD</span> <span class='ocrx_word' id='word_1_99' title='bbox 1062 2565 1115 2638; x_wconf 81' lang='lat' dir='ltr'>ad</span> <span class='ocrx_word' id='word_1_100' title='bbox 1122 2564 1212 2638; x_wconf 81' lang='lat' dir='ltr'>data</span> <span class='ocrx_word' id='word_1_101' title='bbox 1219 2528 1363 2661; x_wconf 71' lang='lat' dir='ltr'>puncta</span> <span class='ocrx_word' id='word_1_102' title='bbox 1375 2562 1425 2657; x_wconf 89' lang='lat' dir='ltr'>A,</span> <span class='ocrx_word' id='word_1_103' title='bbox 1443 2563 1485 2654; x_wconf 91' lang='lat' dir='ltr'>B,</span> <span class='ocrx_word' id='word_1_104' title='bbox 1500 2562 1752 2649; x_wconf 66' lang='lat' dir='ltr'>terminentur,</span> 
     </span>
     <span class='ocr_line' id='line_1_18' title="bbox 345 2697 1755 2796; baseline -0.003 -24"><span class='ocrx_word' id='word_1_105' title='bbox 345 2700 540 2796; x_wconf 79' lang='lat' dir='ltr'>datamque</span> <span class='ocrx_word' id='word_1_106' title='bbox 562 2699 718 2771; x_wconf 78' lang='lat' dir='ltr'>habeant</span> <span class='ocrx_word' id='word_1_107' title='bbox 743 2699 922 2772; x_wconf 81' lang='lat' dir='ltr'>ratz&#39;onem</span> <span class='ocrx_word' id='word_1_108' title='bbox 946 2700 1000 2772; x_wconf 84' lang='lat' dir='ltr'>ad</span> <span class='ocrx_word' id='word_1_109' title='bbox 1021 2700 1181 2790; x_wconf 79' lang='lat' dir='ltr'>invicem,</span> <span class='ocrx_word' id='word_1_110' title='bbox 1211 2700 1260 2778; x_wconf 47' lang='grc' dir='ltr'>ὃν</span> <span class='ocrx_word' id='word_1_111' title='bbox 1285 2707 1380 2770; x_wconf 81' lang='lat' dir='ltr'>recta</span> <span class='ocrx_word' id='word_1_112' title='bbox 1407 2697 1502 2787; x_wconf 87' lang='lat' dir='ltr'>CD,</span> <span class='ocrx_word' id='word_1_113' title='bbox 1520 2721 1595 2792; x_wconf 78' lang='lat' dir='ltr'>qua</span> <span class='ocrx_word' id='word_1_114' title='bbox 1611 2705 1755 2792; x_wconf 77' lang='lat' dir='ltr'>puncta</span> 
     </span>
     <span class='ocr_line' id='line_1_19' title="bbox 345 2829 1755 2930; baseline -0.001 -27"><span class='ocrx_word' id='word_1_115' title='bbox 345 2831 627 2905; x_wconf 78' lang='lat' dir='ltr'>indeterminata</span> <span class='ocrx_word' id='word_1_116' title='bbox 655 2833 698 2923; x_wconf 89' lang='lat' dir='ltr'>C,</span> <span class='ocrx_word' id='word_1_117' title='bbox 718 2833 755 2906; x_wconf 93' lang='lat' dir='ltr'>D</span> <span class='ocrx_word' id='word_1_118' title='bbox 760 2833 995 2930; x_wconf 78' lang='lat' dir='ltr'>jrmguntur,</span> <span class='ocrx_word' id='word_1_119' title='bbox 1013 2843 1148 2907; x_wconf 79' lang='lat' dir='ltr'>secatur</span> <span class='ocrx_word' id='word_1_120' title='bbox 1171 2833 1212 2906; x_wconf 81' lang='lat' dir='ltr'>in</span> <span class='ocrx_word' id='word_1_121' title='bbox 1238 2834 1380 2906; x_wconf 80' lang='lat' dir='ltr'>ratione</span> <span class='ocrx_word' id='word_1_122' title='bbox 1403 2830 1492 2904; x_wconf 81' lang='lat' dir='ltr'>data</span> <span class='ocrx_word' id='word_1_123' title='bbox 1518 2831 1558 2903; x_wconf 81' lang='lat' dir='ltr'>in</span> <span class='ocrx_word' id='word_1_124' title='bbox 1598 2829 1652 2903; x_wconf 89' lang='lat' dir='ltr'>K:</span> <span class='ocrx_word' id='word_1_125' title='bbox 1678 2829 1755 2903; x_wconf 81' lang='lat' dir='ltr'>dr&#39;co</span> 
     </span>
    </p>
   </div>
   <div class='ocr_carea' id='block_1_9' title="bbox 344 2966 1361 3065">
    <p class='ocr_par' dir='ltr' id='par_1_12' title="bbox 344 2966 1361 3065">
     <span class='ocr_line' id='line_1_20' title="bbox 344 2966 1361 3065; baseline 0 -26"><span class='ocrx_word' id='word_1_126' title='bbox 344 2966 443 3063; x_wconf 84' lang='lat' dir='ltr'>quod</span> <span class='ocrx_word' id='word_1_127' title='bbox 445 2975 631 3063; x_wconf 77' lang='lat' dir='ltr'>punctum</span> <span class='ocrx_word' id='word_1_128' title='bbox 653 2966 690 3039; x_wconf 89' lang='lat' dir='ltr'><em>K</em></span> <span class='ocrx_word' id='word_1_129' title='bbox 712 2967 891 3040; x_wconf 79' lang='lat' dir='ltr'>locabitur</span> <span class='ocrx_word' id='word_1_130' title='bbox 906 2969 947 3042; x_wconf 80' lang='lat' dir='ltr'>in</span> <span class='ocrx_word' id='word_1_131' title='bbox 965 2980 1060 3043; x_wconf 82' lang='lat' dir='ltr'>recta</span> <span class='ocrx_word' id='word_1_132' title='bbox 1068 2969 1248 3065; x_wconf 71' lang='lat' dir='ltr'>pontzone</span> <span class='ocrx_word' id='word_1_133' title='bbox 1262 2968 1361 3041; x_wconf 81' lang='lat' dir='ltr'>data.</span> 
     </span>
    </p>
   </div>
   <div class='ocr_carea' id='block_1_10' title="bbox 290 3165 1754 4174">
    <p class='ocr_par' dir='ltr' id='par_1_13' title="bbox 290 3165 1754 4174">
     <span class='ocr_line' id='line_1_21' title="bbox 363 3165 1754 3263; baseline -0.001 -23"><span class='ocrx_word' id='word_1_134' title='bbox 363 3166 595 3241; x_wconf 89' lang='lat' dir='ltr'>Concurrant</span> <span class='ocrx_word' id='word_1_135' title='bbox 612 3168 711 3240; x_wconf 91' lang='lat' dir='ltr'>enim</span> <span class='ocrx_word' id='word_1_136' title='bbox 730 3184 841 3242; x_wconf 82' lang='lat' dir='ltr'>rectae</span> <span class='ocrx_word' id='word_1_137' title='bbox 866 3171 908 3242; x_wconf 85' lang='lat' dir='ltr'><em>A</em></span> <span class='ocrx_word' id='word_1_138' title='bbox 926 3171 965 3258; x_wconf 86' lang='lat' dir='ltr'>C,</span> <span class='ocrx_word' id='word_1_139' title='bbox 992 3173 1084 3244; x_wconf 86' lang='lat' dir='ltr'>BD</span> <span class='ocrx_word' id='word_1_140' title='bbox 1110 3172 1221 3263; x_wconf 87' lang='lat' dir='ltr'>inE,</span> <span class='ocrx_word' id='word_1_141' title='bbox 1241 3170 1278 3244; x_wconf 75' lang='lat' dir='ltr'>u</span> <span class='ocrx_word' id='word_1_142' title='bbox 1310 3169 1346 3241; x_wconf 93' lang='lat' dir='ltr'>in</span> <span class='ocrx_word' id='word_1_143' title='bbox 1372 3167 1464 3240; x_wconf 90' lang='lat' dir='ltr'>BE</span> <span class='ocrx_word' id='word_1_144' title='bbox 1484 3166 1650 3263; x_wconf 90' lang='lat' dir='ltr'>capiatur</span> <span class='ocrx_word' id='word_1_145' title='bbox 1666 3165 1754 3238; x_wconf 87' lang='lat' dir='ltr'>BG</span> 
     </span>
     <span class='ocr_line' id='line_1_22' title="bbox 294 3282 1753 3384; baseline 0.001 -29"><span class='ocrx_word' id='word_1_146' title='bbox 294 3283 342 3355; x_wconf 94' lang='lat' dir='ltr'>ad</span> <span class='ocrx_word' id='word_1_147' title='bbox 360 3284 401 3356; x_wconf 88' lang='grc' dir='ltr'><em>Α</em></span> <span class='ocrx_word' id='word_1_148' title='bbox 416 3285 457 3356; x_wconf 91' lang='lat' dir='ltr'><em>E</em></span> <span class='ocrx_word' id='word_1_149' title='bbox 472 3299 513 3357; x_wconf 94' lang='lat' dir='ltr'>ut</span> <span class='ocrx_word' id='word_1_150' title='bbox 530 3299 588 3357; x_wconf 92' lang='lat' dir='ltr'>est</span> <span class='ocrx_word' id='word_1_151' title='bbox 605 3285 696 3356; x_wconf 86' lang='lat' dir='ltr'>BD</span> <span class='ocrx_word' id='word_1_152' title='bbox 720 3285 768 3357; x_wconf 94' lang='lat' dir='ltr'>ad</span> <span class='ocrx_word' id='word_1_153' title='bbox 785 3286 826 3358; x_wconf 87' lang='lat' dir='ltr'><em>A</em></span> <span class='ocrx_word' id='word_1_154' title='bbox 845 3286 884 3372; x_wconf 86' lang='lat' dir='ltr'>C,</span> <span class='ocrx_word' id='word_1_155' title='bbox 903 3287 1025 3384; x_wconf 92' lang='lat' dir='ltr'>sitque</span> <span class='ocrx_word' id='word_1_156' title='bbox 1050 3290 1092 3360; x_wconf 94' lang='lat' dir='ltr'><em>F</em></span> <span class='ocrx_word' id='word_1_157' title='bbox 1095 3290 1138 3361; x_wconf 85' lang='lat' dir='ltr'><em>D</em></span> <span class='ocrx_word' id='word_1_158' title='bbox 1155 3312 1303 3384; x_wconf 93' lang='lat' dir='ltr'>semper</span> <span class='ocrx_word' id='word_1_159' title='bbox 1328 3282 1482 3382; x_wconf 77' lang='lat' dir='ltr'>aequalis</span> <span class='ocrx_word' id='word_1_160' title='bbox 1508 3283 1606 3358; x_wconf 84' lang='lat' dir='ltr'>datae</span> <span class='ocrx_word' id='word_1_161' title='bbox 1632 3285 1674 3357; x_wconf 89' lang='lat' dir='ltr'><em>E</em></span> <span class='ocrx_word' id='word_1_162' title='bbox 1693 3284 1753 3369; x_wconf 83' lang='lat' dir='ltr'>G,-</span> 
     </span>
     <span class='ocr_line' id='line_1_23' title="bbox 295 3398 889 3476; baseline 0.008 -5"><span class='ocrx_word' id='word_1_163' title='bbox 295 3398 332 3471; x_wconf 84' lang='lat'>&amp;</span> <span class='ocrx_word' id='word_1_164' title='bbox 349 3401 419 3473; x_wconf 92' lang='lat' dir='ltr'>erit</span> <span class='ocrx_word' id='word_1_165' title='bbox 436 3425 485 3473; x_wconf 88' lang='lat' dir='ltr'>ex</span> <span class='ocrx_word' id='word_1_166' title='bbox 510 3401 783 3475; x_wconf 92' lang='lat' dir='ltr'>constructione</span> <span class='ocrx_word' id='word_1_167' title='bbox 801 3403 843 3475; x_wconf 90' lang='lat' dir='ltr'><em>E</em></span> <span class='ocrx_word' id='word_1_168' title='bbox 855 3403 889 3476; x_wconf 86' lang='lat' dir='ltr'><em>C</em></span> 
     </span>
     <span class='ocr_line' id='line_1_24' title="bbox 293 3516 885 3607; baseline 0.007 -19"><span class='ocrx_word' id='word_1_169' title='bbox 293 3516 341 3588; x_wconf 94' lang='lat' dir='ltr'>ad</span> <span class='ocrx_word' id='word_1_170' title='bbox 363 3516 460 3602; x_wconf 87' lang='lat' dir='ltr'>GD,</span> <span class='ocrx_word' id='word_1_171' title='bbox 480 3516 550 3590; x_wconf 94' lang='lat' dir='ltr'>hoc</span> <span class='ocrx_word' id='word_1_172' title='bbox 576 3532 645 3607; x_wconf 88' lang='lat' dir='ltr'>est,</span> <span class='ocrx_word' id='word_1_173' title='bbox 663 3517 712 3589; x_wconf 94' lang='lat' dir='ltr'>ad</span> <span class='ocrx_word' id='word_1_174' title='bbox 739 3519 830 3590; x_wconf 88' lang='lat' dir='ltr'>EF</span> <span class='ocrx_word' id='word_1_175' title='bbox 844 3535 885 3593; x_wconf 94' lang='lat' dir='ltr'>ut</span> 
     </span>
     <span class='ocr_line' id='line_1_25' title="bbox 290 3619 1430 3729; baseline 0.004 -24"><span class='ocrx_word' id='word_1_176' title='bbox 290 3619 377 3706; x_wconf 83' lang='lat' dir='ltr'>AC</span> <span class='ocrx_word' id='word_1_177' title='bbox 386 3633 434 3705; x_wconf 92' lang='lat' dir='ltr'>ad</span> <span class='ocrx_word' id='word_1_178' title='bbox 445 3634 534 3719; x_wconf 87' lang='lat' dir='ltr'>BD,</span> <span class='ocrx_word' id='word_1_179' title='bbox 551 3632 710 3729; x_wconf 90' lang='lat' dir='ltr'>ideoque</span> <span class='ocrx_word' id='word_1_180' title='bbox 725 3635 761 3706; x_wconf 94' lang='lat' dir='ltr'>in</span> <span class='ocrx_word' id='word_1_181' title='bbox 776 3636 884 3711; x_wconf 92' lang='lat' dir='ltr'>ratio·</span> <span class='ocrx_word' id='word_1_182' title='bbox 1424 3681 1430 3721; x_wconf 75' lang='grc'><em>;</em></span> 
     </span>
     <span class='ocr_line' id='line_1_26' title="bbox 294 3749 1312 3899; baseline 0.003 -77"><span class='ocrx_word' id='word_1_183' title='bbox 294 3775 341 3823; x_wconf 96' lang='lat' dir='ltr'>ne</span> <span class='ocrx_word' id='word_1_184' title='bbox 359 3749 457 3837; x_wconf 92' lang='lat' dir='ltr'>data,</span> <span class='ocrx_word' id='word_1_185' title='bbox 474 3749 722 3846; x_wconf 81' lang='lat' dir='ltr'>&amp;propterea</span> <span class='ocrx_word' id='word_1_186' title='bbox 739 3751 887 3825; x_wconf 90' lang='lat' dir='ltr'>dabitur</span> <span class='ocrx_word' id='word_1_187' title='bbox 1256 3792 1312 3899; x_wconf 51' lang='lat' dir='ltr'><em>s</em></span> 
     </span>
     <span class='ocr_line' id='line_1_27' title="bbox 292 3865 1256 3964; baseline 0.001 -25"><span class='ocrx_word' id='word_1_188' title='bbox 292 3867 418 3963; x_wconf 91' lang='lat' dir='ltr'>specie</span> <span class='ocrx_word' id='word_1_189' title='bbox 460 3865 684 3964; x_wconf 86' lang='lat' dir='ltr'>triangulum</span> <span class='ocrx_word' id='word_1_190' title='bbox 731 3869 773 3941; x_wconf 89' lang='lat' dir='ltr'><em>E</em></span> <span class='ocrx_word' id='word_1_191' title='bbox 787 3870 830 3940; x_wconf 89' lang='lat' dir='ltr'><em>F</em></span> <span class='ocrx_word' id='word_1_192' title='bbox 843 3869 882 3942; x_wconf 86' lang='lat' dir='ltr'>C.</span> <span class='ocrx_word' id='word_1_193' title='bbox 1235 3900 1256 3940; x_wconf 69' lang='grc' dir='ltr'><em>ν</em></span> 
     </span>
     <span class='ocr_line' id='line_1_28' title="bbox 292 3940 1587 4091; baseline -0.009 -33"><span class='ocrx_word' id='word_1_194' title='bbox 292 3984 450 4058; x_wconf 75' lang='lat' dir='ltr'>secetur</span> <span class='ocrx_word' id='word_1_195' title='bbox 470 3984 654 4057; x_wconf 69' lang='lat' dir='ltr'>crint</span> <span class='ocrx_word' id='word_1_196' title='bbox 674 3999 715 4057; x_wconf 77' lang='lat' dir='ltr'>ut</span> <span class='ocrx_word' id='word_1_197' title='bbox 736 3984 785 4057; x_wconf 79' lang='lat' dir='ltr'>sn</span> <span class='ocrx_word' id='word_1_198' title='bbox 805 3984 883 4058; x_wconf 71' lang='lat' dir='ltr'>cn</span> <span class='ocrx_word' id='word_1_199' title='bbox 979 3986 983 3995; x_wconf 91' lang='lat'><strong>·</strong></span> <span class='ocrx_word' id='word_1_200' title='bbox 1152 3949 1228 4091; x_wconf 61' lang='lat' dir='ltr'><em>s</em></span> <span class='ocrx_word' id='word_1_201' title='bbox 1384 3940 1416 3988; x_wconf 74' lang='lat'>¹¹</span> <span class='ocrx_word' id='word_1_202' title='bbox 1421 3990 1463 3998; x_wconf 92' lang='lat'>······</span> <span class='ocrx_word' id='word_1_203' title='bbox 1464 3990 1587 4088; x_wconf 61' lang='lat' dir='ltr'>jjj11:::·-··q</span> 
     </span>
     <span class='ocr_line' id='line_1_29' title="bbox 290 4099 1144 4174; baseline -0.001 -2"><span class='ocrx_word' id='word_1_204' title='bbox 290 4100 340 4172; x_wconf 89' lang='lat' dir='ltr'>ad</span> <span class='ocrx_word' id='word_1_205' title='bbox 379 4101 462 4174; x_wconf 88' lang='lat' dir='ltr'>CF</span> <span class='ocrx_word' id='word_1_206' title='bbox 484 4101 520 4173; x_wconf 93' lang='lat' dir='ltr'>in</span> <span class='ocrx_word' id='word_1_207' title='bbox 547 4101 690 4174; x_wconf 89' lang='lat' dir='ltr'>ratione</span> <span class='ocrx_word' id='word_1_208' title='bbox 723 4101 812 4174; x_wconf 88' lang='lat' dir='ltr'>CK</span> <span class='ocrx_word' id='word_1_209' title='bbox 836 4099 884 4171; x_wconf 93' lang='lat' dir='ltr'>ad</span> <span class='ocrx_word' id='word_1_210' title='bbox 1127 4107 1144 4139; x_wconf 64' lang='lat' dir='ltr'><em>s</em></span> 
     </span>
    </p>
   </div>
   <div class='ocr_carea' id='block_1_11' title="bbox 297 4215 885 4302">
    <p class='ocr_par' dir='ltr' id='par_1_14' title="bbox 297 4215 885 4302">
     <span class='ocr_line' id='line_1_30' title="bbox 297 4215 885 4302; baseline -0.002 -12"><span class='ocrx_word' id='word_1_211' title='bbox 297 4218 332 4291; x_wconf 88' lang='lat' dir='ltr'><em>C</em></span> <span class='ocrx_word' id='word_1_212' title='bbox 345 4218 412 4302; x_wconf 86' lang='lat' dir='ltr'>D;</span> <span class='ocrx_word' id='word_1_213' title='bbox 438 4216 475 4290; x_wconf 79' lang='lat' dir='ltr'>8t</span> <span class='ocrx_word' id='word_1_214' title='bbox 500 4218 550 4290; x_wconf 93' lang='lat' dir='ltr'>ob</span> <span class='ocrx_word' id='word_1_215' title='bbox 568 4216 694 4290; x_wconf 90' lang='lat' dir='ltr'>datam</span> <span class='ocrx_word' id='word_1_216' title='bbox 714 4215 811 4289; x_wconf 91' lang='lat' dir='ltr'>illam</span> <span class='ocrx_word' id='word_1_217' title='bbox 830 4242 885 4289; x_wconf 91' lang='lat' dir='ltr'>ra·</span> 
     </span>
    </p>
   </div>
   <div class='ocr_carea' id='block_1_12' title="bbox 289 4332 1752 4781">
    <p class='ocr_par' dir='ltr' id='par_1_15' title="bbox 291 4311 1398 4431">
     <span class='ocr_line' id='line_1_31' title="bbox 291 4332 888 4430; baseline -0.005 -24"><span class='ocrx_word' id='word_1_218' title='bbox 291 4335 441 4420; x_wconf 90' lang='lat' dir='ltr'>tionem,</span> <span class='ocrx_word' id='word_1_219' title='bbox 460 4332 608 4407; x_wconf 90' lang='lat' dir='ltr'>dabitur</span> <span class='ocrx_word' id='word_1_220' title='bbox 632 4334 744 4408; x_wconf 91' lang='lat' dir='ltr'>etiam</span> <span class='ocrx_word' id='word_1_221' title='bbox 763 4333 888 4430; x_wconf 91' lang='lat' dir='ltr'>specie</span> 
     </span>
    </p>

    <p class='ocr_par' dir='ltr' id='par_1_16' title="bbox 289 4432 1744 4662">
     <span class='ocr_line' id='line_1_32' title="bbox 291 4448 1744 4578; baseline -0.003 -55"><span class='ocrx_word' id='word_1_222' title='bbox 291 4448 515 4547; x_wconf 86' lang='lat' dir='ltr'>triangulum</span> <span class='ocrx_word' id='word_1_223' title='bbox 560 4451 601 4522; x_wconf 87' lang='lat' dir='ltr'><em>E</em></span> <span class='ocrx_word' id='word_1_224' title='bbox 608 4452 651 4524; x_wconf 89' lang='lat' dir='ltr'><em>F</em></span> <span class='ocrx_word' id='word_1_225' title='bbox 656 4450 692 4522; x_wconf 91' lang='lat' dir='ltr'><em>L</em></span> <span class='ocrx_word' id='word_1_226' title='bbox 705 4481 720 4534; x_wconf 87' lang='lat'>,·</span> <span class='ocrx_word' id='word_1_227' title='bbox 763 4449 886 4545; x_wconf 92' lang='lat' dir='ltr'>proin·</span> <span class='ocrx_word' id='word_1_228' title='bbox 924 4478 1415 4578; x_wconf 48' lang='grc' dir='ltr'>τι--Ἡ--ἆ-ἑ-Ῠ-</span> <span class='ocrx_word' id='word_1_229' title='bbox 1675 4508 1698 4553; x_wconf 69' lang='lat' dir='ltr'>D</span> <span class='ocrx_word' id='word_1_230' title='bbox 1725 4494 1744 4501; x_wconf 83' lang='lat'>-</span> 
     </span>
     <span class='ocr_line' id='line_1_33' title="bbox 289 4564 889 4662; baseline -0.003 -24"><span class='ocrx_word' id='word_1_231' title='bbox 289 4566 414 4662; x_wconf 90' lang='lat' dir='ltr'>deque</span> <span class='ocrx_word' id='word_1_232' title='bbox 440 4581 618 4662; x_wconf 92' lang='lat' dir='ltr'>punctum</span> <span class='ocrx_word' id='word_1_233' title='bbox 641 4567 678 4638; x_wconf 86' lang='lat' dir='ltr'><em>L</em></span> <span class='ocrx_word' id='word_1_234' title='bbox 708 4564 889 4639; x_wconf 90' lang='lat' dir='ltr'>locabitur</span> 
     </span>
    </p>

    <p class='ocr_par' dir='ltr' id='par_1_17' title="bbox 290 4668 1752 4781">
     <span class='ocr_line' id='line_1_34' title="bbox 290 4668 1752 4781; baseline -0.01 -25"><span class='ocrx_word' id='word_1_235' title='bbox 290 4684 327 4756; x_wconf 91' lang='lat' dir='ltr'>in</span> <span class='ocrx_word' id='word_1_236' title='bbox 356 4701 457 4757; x_wconf 91' lang='lat' dir='ltr'>recta</span> <span class='ocrx_word' id='word_1_237' title='bbox 482 4685 524 4757; x_wconf 90' lang='lat' dir='ltr'><em>E</em></span> <span class='ocrx_word' id='word_1_238' title='bbox 532 4683 569 4756; x_wconf 91' lang='lat' dir='ltr'><em>L</em></span> <span class='ocrx_word' id='word_1_239' title='bbox 597 4683 783 4781; x_wconf 88' lang='lat' dir='ltr'>positione</span> <span class='ocrx_word' id='word_1_240' title='bbox 809 4681 906 4754; x_wconf 80' lang='lat' dir='ltr'>data</span> <span class='ocrx_word' id='word_1_241' title='bbox 957 4679 1082 4777; x_wconf 87' lang='lat' dir='ltr'>Junge</span> <span class='ocrx_word' id='word_1_242' title='bbox 1109 4679 1208 4765; x_wconf 91' lang='lat' dir='ltr'>LK,</span> <span class='ocrx_word' id='word_1_243' title='bbox 1228 4677 1265 4750; x_wconf 80' lang='lat' dir='ltr'>8c</span> <span class='ocrx_word' id='word_1_244' title='bbox 1290 4672 1424 4748; x_wconf 91' lang='lat' dir='ltr'>similia</span> <span class='ocrx_word' id='word_1_245' title='bbox 1444 4686 1552 4746; x_wconf 92' lang='lat' dir='ltr'>erunt</span> <span class='ocrx_word' id='word_1_246' title='bbox 1570 4668 1752 4768; x_wconf 80' lang='lat' dir='ltr'>triangula</span> 
     </span>
    </p>
   </div>
   <div class='ocr_carea' id='block_1_13' title="bbox 292 4784 1885 4888">
    <p class='ocr_par' dir='ltr' id='par_1_18' title="bbox 292 4784 1885 4888">
     <span class='ocr_line' id='line_1_35' title="bbox 292 4784 1885 4888; baseline -0.01 -14"><span class='ocrx_word' id='word_1_247' title='bbox 292 4801 438 4887; x_wconf 88' lang='lat' dir='ltr'><em>CLK,</em></span> <span class='ocrx_word' id='word_1_248' title='bbox 463 4800 617 4888; x_wconf 87' lang='lat' dir='ltr'><em>CFD;</em></span> <span class='ocrx_word' id='word_1_249' title='bbox 644 4799 680 4874; x_wconf 79' lang='lat' dir='ltr'>8z</span> <span class='ocrx_word' id='word_1_250' title='bbox 706 4799 757 4874; x_wconf 95' lang='lat' dir='ltr'>ob</span> <span class='ocrx_word' id='word_1_251' title='bbox 782 4798 908 4870; x_wconf 91' lang='lat' dir='ltr'>datam</span> <span class='ocrx_word' id='word_1_252' title='bbox 934 4794 1076 4868; x_wconf 81' lang='lat' dir='ltr'>FB&amp;</span> <span class='ocrx_word' id='word_1_253' title='bbox 1102 4794 1228 4868; x_wconf 90' lang='lat' dir='ltr'>datam</span> <span class='ocrx_word' id='word_1_254' title='bbox 1255 4793 1434 4867; x_wconf 91' lang='lat' dir='ltr'>rationem</span> <span class='ocrx_word' id='word_1_255' title='bbox 1460 4789 1559 4863; x_wconf 91' lang='lat' dir='ltr'>LK</span> <span class='ocrx_word' id='word_1_256' title='bbox 1580 4789 1628 4861; x_wconf 94' lang='lat' dir='ltr'>ad</span> <span class='ocrx_word' id='word_1_257' title='bbox 1654 4787 1751 4872; x_wconf 88' lang='lat' dir='ltr'>FD,</span> <span class='ocrx_word' id='word_1_258' title='bbox 1883 4784 1885 4788; x_wconf 77' lang='grc'><strong>’</strong></span> 
     </span>
    </p>
   </div>
   <div class='ocr_carea' id='block_1_14' title="bbox 0 0 2048 5768">
    <p class='ocr_par' dir='ltr' id='par_1_19' title="bbox 0 0 2048 5768">
     <span class='ocr_line' id='line_1_36' title="bbox 0 0 2048 5768; baseline 0 3"><span class='ocrx_word' id='word_1_259' title='bbox 0 0 2048 5768; x_wconf 95' lang='lat' dir='ltr'> </span> 
     </span>
    </p>
   </div>
  </div>
 </body>
</html>
