4088 5768
861 497 1003 556 LIBER
1023 498 1207 558 paruus.
1694 531 1756 579 121

300 673 475 746 DFGE
571 674 786 754 2v1÷11

527 748 542 805 t
634 797 728 869 DE

304 949 462 1022 rationes
479 962 682 1036 sumantur,
702 946 896 1046 longitudo
912 950 1006 1022 DF
1026 967 1067 1023 ut
1089 951 1276 1046 quantitas
1297 903 1419 1098 &Vk-l,
1456 955 1615 1053 ideoque
1649 960 1762 1034 etiam

792 782 801 810 ,
833 723 870 797 id
906 740 972 811 est,
1008 724 1040 798 si
1075 725 1204 821 primae
1240 728 1488 823 quantitatum
1533 736 1761 809 nascentium

302 1209 343 1265 ut
359 1190 575 1287 quantitatis
594 1188 702 1286 hujus
720 1187 913 1261 dimidium
928 1139 1048 1335 Ἠ
1119 1189 1191 1263 Est
1208 1206 1332 1265 autem
1343 1202 1510 1288 tempus,
1529 1221 1606 1292 quo
1624 1223 1757 1295 corpus

302 1381 470 1456 cadendo
501 1379 677 1454 describit
707 1377 879 1452 lineolam
907 1379 1008 1465 DE,
1036 1396 1077 1453 ut
1103 1379 1237 1454 lineola
1263 1379 1324 1453 illa
1350 1382 1490 1456 directe
1519 1382 1555 1456 82
1584 1363 1762 1460 uelocitas

304 1500 338 1570 V
358 1501 512 1585 inverse,
532 1514 663 1594 estque
682 1496 739 1568 vis
757 1511 798 1568 ut
824 1493 1029 1569 velocitatis
1057 1497 1324 1571 incrementum
1354 1499 1369 1572 I
1399 1500 1538 1574 directe
1560 1500 1763 1601 &tempus
1878 1514 1880 1520 ’

304 1684 459 1767 inverse,
493 1681 652 1776 ideoque
682 1678 712 1750 si
740 1678 870 1773 primae
902 1678 1131 1752 nascentium
1158 1680 1319 1754 rationes
1345 1697 1545 1768 sumantur,
1569 1699 1611 1756 ut
1640 1620 1761 1815 {z}

303 1860 373 1932 hoc
390 1874 457 1944 est,
478 1873 518 1930 ut
535 1854 729 1954 longitudo
746 1855 842 1928 DF.
900 1854 1004 1952 Ergo
1022 1854 1079 1927 vis
1097 1855 1166 1951 ipsi
1185 1856 1280 1928 DF
1289 1853 1350 1929 vel
1368 1857 1409 1927 E
1425 1857 1461 1929 G
1478 1857 1760 1954 proportionalis

302 1977 389 2049 facit
420 1990 460 2047 ut
488 1998 620 2068 corpus
649 1997 694 2045 ea
722 1997 805 2043 cum
837 1970 1033 2045 velocitate
1063 1972 1275 2059 descendat,
1299 1997 1385 2068 quae
1411 1974 1459 2046 sit
1484 1991 1526 2047 ut
1552 1989 1651 2048 recta
1677 2001 1761 2072 quae

303 2107 427 2188 potest
444 2116 568 2164 aream
586 2090 627 2160 A
642 2090 680 2160 B
695 2088 789 2161 GE.
846 2089 889 2177 Q.
907 2089 954 2162 E.
971 2089 1021 2162 D.

374 2209 488 2281 Porro
514 2232 597 2279 cum
625 2221 780 2300 tempus,
809 2230 885 2300 quo
910 2204 1085 2301 quaelibet
1111 2204 1351 2303 longitudinis
1377 2204 1475 2278 datae
1506 2204 1641 2281 lineola
1665 2209 1762 2281 DE

302 2324 539 2409 describatur,
555 2323 603 2395 sit
620 2338 661 2394 ut
678 2319 855 2394 velocitas
873 2321 1028 2407 inverse,
1044 2321 1203 2417 ideoque
1222 2322 1368 2426 inverse
1386 2338 1427 2394 ut
1444 2320 1541 2395 linea
1558 2340 1657 2396 recta
1675 2350 1759 2420 quae

301 2455 428 2537 potest
469 2464 593 2513 aream
637 2440 677 2510 A
692 2439 782 2510 BF
785 2439 828 2511 D
840 2469 855 2524 ,·
893 2439 1014 2534 sitque
1056 2438 1156 2524 DL,
1191 2455 1304 2534 atque
1348 2438 1433 2512 ideo
1475 2465 1562 2513 area
1605 2466 1760 2515 nascens

303 2558 391 2630 DL
405 2558 514 2647 ME,
534 2573 575 2629 ut
592 2556 724 2629 eadem
742 2554 839 2627 linea
857 2572 955 2629 recta
974 2556 1144 2629 inverse:
1163 2555 1233 2629 erit
1252 2571 1399 2650 tempus
1417 2570 1459 2628 ut
1475 2581 1562 2629 area
1578 2557 1759 2645 DLME,

303 2675 341 2748 81
371 2700 516 2747 summa
542 2673 707 2747 omnium
735 2686 944 2767 temporum
970 2689 1012 2745 ut
1037 2697 1183 2745 summa
1209 2672 1374 2745 omnium
1400 2697 1579 2762 arearum,
1607 2674 1677 2748 hoc
1703 2692 1762 2749 est

305 2792 388 2890 (per
405 2790 513 2866 corol.
534 2791 616 2865 lem.
639 2788 690 2888 1v)
711 2805 858 2884 tempus
886 2804 1004 2862 totum
1031 2814 1106 2885 quo
1132 2786 1230 2861 linea
1256 2788 1296 2860 A
1310 2788 1351 2860 E
1376 2788 1596 2862 describitur
1615 2807 1657 2863 ut
1673 2817 1760 2865 area
1814 2811 1816 2815 ‘

303 2908 669 2983 totaATVME.
726 2905 902 2996 Q.E.D.
1275 2978 1278 2982 Α

373 3025 491 3101 Corol.
527 3050 554 3097 1.
584 3025 625 3097 Si
643 3026 681 3096 P
706 3025 755 3096 sit
780 3020 892 3111 locus,
912 3022 960 3095 de
986 3048 1062 3118 quo
1087 3049 1221 3118 corpus
1246 3022 1379 3097 cadere
1402 3023 1526 3113 debet,
1545 3039 1587 3098 ut
1604 3043 1760 3123 urgente

302 3142 425 3239 aliqua
451 3143 622 3216 uniformi
649 3143 687 3214 vi
714 3139 917 3234 centripeta
944 3156 1031 3213 nota
1060 3138 1193 3237 (qualis
1211 3140 1326 3238 vulgo
1343 3142 1563 3238 supponitur
1578 3145 1757 3243 gravitas)

302 3260 536 3334 velocitatem
555 3259 721 3355 acquirat
738 3258 774 3330 in
793 3255 874 3329 loco
891 3256 934 3328 D
959 3255 1140 3352 aequalem
1164 3255 1359 3343 velocitati,
1379 3283 1490 3354 quam
1509 3284 1642 3355 corpus
1660 3260 1759 3334 aliud

302 3378 341 3450 vi
366 3402 587 3473 quacunque
608 3375 745 3448 cadens
772 3374 969 3470 acquisivit
994 3374 1127 3447 eodem
1154 3372 1235 3448 loco
1258 3375 1310 3463 D,
1339 3373 1375 3447 81
1402 3376 1438 3447 in
1466 3375 1758 3471 perpendiculari

301 3494 396 3565 DF
424 3494 589 3588 capiatur
622 3492 723 3577 DR,
751 3516 835 3588 quae
866 3490 915 3563 sit
944 3490 992 3562 ad
1022 3491 1117 3563 DF
1139 3507 1180 3564 ut
1210 3492 1268 3564 vis
1300 3492 1359 3565 illa
1385 3493 1576 3565 uniformis
1602 3494 1650 3566 ad
1681 3496 1758 3568 vim

300 3609 453 3684 alteram
474 3611 509 3683 in
528 3608 610 3684 loco
626 3610 677 3695 D,
698 3608 734 3682 82
751 3606 979 3704 compleatur
996 3607 1248 3705 rectangulum
1266 3609 1399 3681 PDR
1412 3610 1455 3699 Q,
1475 3610 1584 3706 eique
1601 3611 1755 3706 aequalis

297 3728 536 3801 abscindatur
571 3752 657 3799 area
687 3726 780 3798 AB
790 3727 831 3798 F
835 3727 878 3798 D
889 3756 904 3810 ,·
937 3726 1007 3798 erit
1036 3726 1077 3796 A
1111 3723 1212 3798 locus
1243 3724 1291 3799 de
1324 3752 1398 3823 quo
1429 3751 1562 3822 corpus
1597 3726 1753 3801 alterum

294 3845 437 3918 cecidit.
520 3843 696 3939 Namque
738 3841 922 3938 completo
965 3841 1178 3939 rectangulo
1220 3843 1357 3916 DRS
1367 3845 1414 3931 E,
1450 3869 1533 3917 cum
1577 3846 1625 3917 sit
1667 3871 1754 3919 area

294 3962 489 4034 ABFD
514 3961 562 4033 ad
581 3985 705 4033 aream
724 3959 911 4031 DFGE
934 3957 1079 4031 utVV
1099 3958 1154 4030 'ad
1175 3982 1193 4029 2
1216 3958 1297 4046 Vl,
1317 3960 1476 4057 ideoque
1494 3960 1626 4040 utiV
1653 3962 1701 4034 ad
1723 3963 1751 4050 I,

294 4079 333 4152 id
348 4096 415 4164 est,
430 4095 471 4151 ut
484 4079 648 4152 semissis
667 4074 875 4150 velocitatis
890 4076 1001 4149 totius
1015 4076 1063 4149 ad
1082 4077 1348 4150 incrementum
1366 4075 1572 4150 velocitatis
1590 4080 1752 4173 corporis

292 4197 329 4268 vi
351 4195 560 4291 inaequabili
579 4195 746 4267 cadentis
762 4222 769 4280 ;
797 4193 833 4265 dt
859 4193 1026 4267 similiter
1042 4219 1128 4267 area
1146 4195 1184 4266 P
1195 4195 1229 4284 Q
1241 4194 1280 4265 R
1290 4194 1333 4266 D
1358 4193 1405 4265 ad
1424 4218 1548 4266 aream
1565 4194 1608 4266 D
1618 4195 1657 4267 R
1669 4196 1703 4267 S
1712 4196 1755 4268 E

292 4330 335 4386 ut
379 4314 541 4385 semissis
572 4311 778 4384 velocitatis
813 4310 925 4384 totius
959 4311 1007 4383 ad
1049 4311 1314 4384 incrementum
1349 4308 1554 4382 velocitatis
1588 4311 1752 4406 corporis

293 4431 467 4504 uniformi
494 4431 531 4502 vi
559 4429 745 4515 cadentis;
773 4428 921 4523 sintque
951 4428 1177 4500 incrementa
1203 4426 1264 4498 illa
1292 4424 1355 4523 (ob
1381 4425 1631 4522 aequalitatem
1658 4441 1749 4499 tem-

290 4575 426 4645 porum
446 4545 689 4642 nascentium)
704 4560 745 4617 ut
759 4545 857 4617 vires
873 4543 1130 4642 generatrices,
1146 4543 1183 4615 id
1202 4559 1268 4629 est,
1283 4560 1325 4616 ut
1342 4543 1538 4617 ordinatim
1557 4541 1750 4639 applicatae

290 4665 390 4750 DF,
409 4665 510 4749 DR,
530 4663 690 4760 ideoque
708 4677 749 4734 ut
770 4686 865 4734 areae
894 4678 1085 4734 nascentes
1111 4662 1154 4733 D
1166 4663 1207 4733 F
1217 4661 1311 4747 GE,
1330 4660 1421 4732 DR
1436 4660 1518 4732 SE
1529 4690 1544 4746 ,·
1569 4676 1677 4734 erunt
1702 4686 1750 4734 ex

289 4808 403 4878 aequo
420 4806 516 4854 areae
536 4797 625 4853 totae
651 4781 692 4850 A
706 4779 745 4850 B
757 4779 799 4850 F
804 4780 853 4864 D,
872 4780 910 4851 P
923 4780 957 4869 Q
969 4780 1008 4851 R
1018 4780 1060 4849 D
1085 4778 1133 4851 ad
1153 4779 1310 4852 invicem
1332 4793 1373 4850 ut
1398 4777 1572 4850 semisses
1589 4794 1749 4853 totarum

288 4899 541 4983 velocitatum,
562 4897 597 4969 u
616 4911 821 4992 propterea,
841 4894 890 4969 ob
907 4893 1156 4991 aequalitatem
1176 4893 1423 4977 velocitatum,
1442 4911 1645 4989 aequantur.
