4110 5782
479 399 549 485 306
957 402 1024 456 DE
1046 401 1139 459 ΜΟ]
1151 403 1182 459 U
1198 403 1224 459 C
1227 403 1375 463 ORPOR
1385 406 1453 463 UM

546 593 676 688 Atque
694 593 760 667 has
779 592 1032 667 conclusiones
1060 593 1095 664 in
1124 594 1233 666 rebus
1260 598 1429 691 practicis
1455 599 1603 673 abunde
1629 601 1719 673 satis
1745 619 1934 676 accuratas

478 733 560 782 esse
578 733 721 782 censeo,
779 711 879 782 Nam
897 735 981 782 eum
996 706 1134 803 ellipsis
1148 709 1208 783 vel
1226 712 1402 807 parabola
1419 716 1509 787 BR
1533 717 1569 787 V
1576 717 1610 788 S
1616 744 1640 788 a
1659 734 1838 814 congruat
1850 743 1933 791 eum

477 823 596 921 figura
620 826 660 897 B
669 827 717 898 K
733 826 771 896 V
784 827 821 897 T
824 853 848 898 a
874 827 911 898 in
938 841 1077 921 puncto
1103 826 1228 899 medio
1256 827 1297 912 V,
1317 828 1397 901 haec
1423 831 1454 902 si
1481 832 1529 902 ad
1552 848 1694 926 partem
1721 832 1934 905 alterutram

478 942 566 1013 BR
587 941 624 1012 V
636 940 695 1014 vel
724 942 761 1012 V
767 942 801 1012 S
808 967 831 1012 a
849 942 996 1014 excedit
1022 941 1177 1038 figuram
1197 941 1305 1033 illam,
1326 943 1472 1018 deficiet
1490 947 1537 1018 ab
1564 949 1695 1020 eadem
1717 949 1765 1020 ad
1791 964 1934 1044 partem

479 1054 642 1143 alteram,
662 1055 698 1129 8z
716 1056 767 1129 sic
786 1055 907 1128 eidem
926 1057 1135 1151 aequabitur
1152 1083 1263 1152 quam
1282 1061 1459 1154 proxime.

594 1366 965 1440 PROPOSITIO
1012 1369 1191 1442 XXXI.
1266 1365 1814 1448 THEOREMA'XXV.

383 1659 385 1664 ,
480 1587 530 1659 Se'
558 1586 719 1681 corperis
752 1584 951 1659 oscillantes
984 1586 1185 1660 resistentia
1220 1588 1261 1659 iu
1295 1589 1453 1685 nugulis
1485 1616 1640 1663 arcuum
1674 1591 1934 1685 descmptorum

519 1719 697 1813 partibus
712 1718 1052 1813 properleonelz'bus
1077 1730 1260 1816 augeatur
1283 1723 1341 1794 vel
1365 1723 1563 1795 uesieuelur
1587 1725 1627 1796 e‘u
1655 1724 1744 1796 dete
1770 1725 1936 1808 eulaeum

529 1856 734 1953 dffreute'a
764 1856 863 1928 iuter
887 1881 1016 1928 arcum
1045 1856 1206 1931 descensu
1236 1857 1454 1953 descriptum
1483 1861 1531 1937 ἕν’
1555 1884 1683 1932 areum
1712 1860 1937 1956 subsequente

530 2015 675 2063 ascensu
691 1990 919 2085 descuptum,
938 1991 1133 2088 aeegebe'lur
1148 1994 1207 2066 vel
1220 1992 1451 2065 diminuetur
1466 1994 1507 2065 iu
1523 1994 1643 2067 eadem
1661 1995 1808 2067 ratzone.

547 2205 677 2279 Oritur
689 2204 787 2280 enim
806 2205 1013 2278 differentia
1032 2203 1092 2277 illa
1109 2231 1156 2278 ex
1175 2206 1422 2279 retardatione
1440 2204 1590 2301 penduli
1608 2231 1676 2301 per
1688 2205 1934 2280 resistentiam

478 2322 600 2408 medii,
626 2322 786 2418 ideoque
804 2336 928 2400 estut
954 2322 1153 2395 retardatio
1179 2337 1258 2395 tota
1284 2323 1393 2417 eique
1419 2322 1701 2418 proportionalis
1727 2323 1936 2396 resistentia

479 2439 678 2514 retardans.
737 2439 780 2510 In
807 2438 996 2533 superiore
1023 2439 1275 2533 propositione
1295 2436 1547 2536 rectangulum
1565 2441 1634 2511 sub
1653 2455 1751 2511 reeta
1768 2439 1870 2516 sals
1897 2438 1934 2509 &

479 2580 629 2628 arcuum
657 2552 801 2627 illorum
831 2554 918 2640 CB,
941 2554 975 2626 C
981 2580 1005 2625 a
1023 2554 1230 2627 differentia
1248 2556 1288 2626 A
1302 2580 1325 2626 a
1352 2552 1505 2649 aequalis
1530 2570 1608 2627 erat
1633 2579 1728 2625 areae
1746 2553 1841 2623 BK
1856 2552 1893 2622 T
1897 2577 1929 2622 a.

478 3846 531 3920 Et
544 3870 631 3918 area
648 3842 717 3931 illa,
733 3843 763 3916 si
782 3857 931 3916 maneat
943 3840 1137 3938 iongitudo
1154 3869 1178 3914 a
1189 3845 1235 3931 B,
1251 3859 1407 3941 augetur
1420 3842 1479 3916 vel
1498 3843 1722 3916 diminuetur
1735 3842 1770 3914 in
1791 3841 1935 3915 ratione

475 3961 673 4037 ordinatim
691 3958 956 4056 applicatarum
975 3959 1097 4043 DK;
1123 3959 1194 4032 hoe
1211 3974 1277 4044 est,
1297 3959 1333 4031 in
1360 3959 1500 4031 ratione
1527 3959 1752 4042 resistentiae,
1773 3957 1935 4051 ideoque

475 4093 533 4151 est
551 4093 592 4150 ut
609 4075 804 4173 longitudo
820 4100 844 4146 a
858 4076 897 4146 B
914 4073 950 4147 8z
970 4074 1178 4146 resistentia
1196 4074 1428 4170 conjunctim.
1486 4073 1719 4168 Proindeque
1738 4087 1932 4169 rectangu-

475 4193 552 4267 lum
570 4195 640 4267 sub
657 4194 699 4266 A
712 4219 736 4264 a
755 4192 790 4264 u
808 4191 828 4269 ὲ
845 4191 919 4262 aB
935 4204 993 4262 est
1007 4204 1047 4260 ut
1064 4214 1087 4260 a
1098 4189 1136 4260 B
1154 4188 1190 4261 a
1208 4189 1416 4261 resistentia
1434 4189 1665 4284 conjunctim,
1682 4188 1717 4260 u
1735 4202 1936 4282 propterea

475 4311 516 4383 A
530 4336 554 4381 a
572 4324 613 4382 ut
631 4307 849 4381 resistentia.
906 4304 950 4393 Q.
967 4304 1015 4376 E.
1036 4305 1086 4376 D.

546 4426 662 4498 corel.
690 4448 717 4496 1.
752 4421 866 4495 Unde
883 4420 914 4493 si
933 4416 1141 4492 resistentia
1159 4420 1207 4491 sit
1230 4434 1271 4491 ut
1288 4416 1473 4503 velocitas,
1493 4416 1698 4489 differentia
1715 4441 1867 4488 arcuum
1900 4418 1937 4491 in

474 4541 608 4615 eodem
622 4539 746 4613 medio
764 4538 833 4610 erit
851 4551 893 4610 ut
910 4559 1016 4608 arcus
1035 4549 1135 4606 totus
1153 4533 1383 4629 descriptus:
1410 4533 1446 4606 a
1463 4546 1598 4605 contra.

551 4656 669 4728 Cerol.
693 4678 724 4726 2.
753 4653 794 4725 Si
810 4650 1018 4725 resistentia
1032 4649 1079 4722 sit
1094 4650 1129 4721 in
1144 4647 1329 4745 duplicata
1348 4648 1488 4719 ratione
1501 4643 1713 4730 velocitatis,
1729 4645 1939 4719 differentia

483 4768 542 4845 illa
561 4771 631 4844 erit
649 4770 685 4842 in
704 4766 891 4865 duplicata
909 4765 1049 4839 ratione
1068 4789 1173 4837 arcus
1193 4764 1328 4836 totius:
1356 4762 1392 4834 &
1409 4776 1543 4834 contra.
