4088 5768
289 432 358 504 108
763 432 831 488 DE
851 430 990 490 now
1014 426 1272 490 CORPORUM

283 625 558 724 longitudinum
583 625 746 699 rationes
770 621 1019 720 complicatas,
1044 621 1284 696 determinari
1309 634 1495 718 possunt;
1521 636 1768 719 caetemsque

285 744 344 841 (ut
368 740 532 838 spirales,
559 742 820 839 quadratrices,
846 740 1073 839 trochoides)
1099 740 1326 839 geometrice
1350 736 1605 814 irrationales
1666 739 1767 815 Nam

283 858 536 958 longitudines
575 884 661 955 quae
698 874 786 931 sunt
821 856 883 931 vel
926 883 1000 931 non
1043 873 1132 930 sunt
1167 872 1211 929 ut
1249 880 1427 929 numerus
1465 855 1518 928 ad
1561 880 1765 930 numerum

285 975 615 1073 (quemadmodum
633 975 672 1048 in
697 976 844 1049 decimo
867 973 1151 1072 elementorum)
1174 989 1262 1046 sunt
1285 972 1524 1046 arithmetice
1552 970 1763 1077 rationales

283 1091 345 1166 vel
380 1091 620 1167 irrationales
690 1093 833 1166 Aream
873 1093 986 1190 igitur
1022 1090 1197 1186 ellipseos
1232 1090 1393 1187 tempori
1432 1088 1764 1187 proportionalem

282 1210 462 1284 abscindo
488 1234 557 1306 per
579 1234 733 1282 curvam
757 1208 985 1307 geometrice
1010 1204 1259 1281 inationalem
1285 1221 1329 1279 ut
1353 1206 1539 1302 sequitur.

393 1467 769 1543 PROPOSlTIO
814 1468 994 1541 XXXl.
1074 1463 1412 1540 PROBLEMA
1459 1464 1661 1544 XXIII.

286 1648 461 1745 Corpeni
485 1649 526 1722 in
551 1648 641 1721 data
671 1648 882 1745 trajectoria
906 1648 1068 1743 clliptica
1090 1647 1184 1721 moli
1205 1646 1371 1761 invenire
1393 1646 1516 1720 locum
1542 1648 1604 1721 ad
1622 1657 1760 1747 lenrpres

898 1765 1138 1861 asszgrmtum.

354 1941 545 2040 Ellipseos
563 1943 604 2014 A
619 1943 658 2015 P
670 1943 710 2015 B
734 1944 784 2016 sit
807 1944 848 2015 A
877 1958 1010 2016 vertex
1034 1941 1256 2040 principalis,
1274 1943 1310 2015 S
1330 1940 1542 2031 umbilicus,
1563 1942 1605 2019 81
1623 1944 1662 2021 0
1676 1968 1756 2021 oen·

284 2074 393 2147 trum,
411 2059 534 2157 sitque
551 2061 590 2132 P
605 2061 769 2157 corporis
786 2058 890 2133 locus
907 2059 1165 2134 inveniendus.
1221 2059 1368 2134 Produc
1396 2060 1490 2134 OA
1510 2061 1565 2135 ad
1587 2063 1636 2149 G,
1654 2080 1698 2137 ut
1711 2062 1756 2137 sit

285 2178 366 2253 OG
381 2177 431 2251 ad
451 2177 532 2252 OA
551 2192 593 2250 ut
614 2177 694 2251 OA
713 2177 763 2251 ad
783 2177 862 2252 OS.
917 2177 1034 2274 Erige
1051 2175 1355 2273 perpendiculum
1375 2178 1475 2264 GH,
1493 2180 1755 2279 centroqueO

283 2294 322 2369 81
339 2292 533 2370 intervallo
553 2293 641 2368 OG
654 2292 825 2368 describe
842 2292 1017 2366 circulum
1047 2292 1135 2367 GE
1141 2294 1187 2380 F,
1206 2292 1243 2367 &
1268 2318 1383 2390 super
1403 2292 1542 2393 regula
1562 2297 1602 2371 G
1613 2298 1673 2385 H,
1690 2320 1752 2373 oeu

282 2411 410 2498 fundo,
445 2410 706 2510 progrediatur
738 2425 820 2483 rota
857 2409 944 2483 GE
951 2411 995 2482 F
1022 2408 1252 2485 revolvendo
1285 2411 1382 2483 circa
1414 2435 1530 2485 axem
1567 2438 1691 2501 suum,
1719 2412 1753 2487 dr

284 2529 426 2602 interea
455 2542 594 2625 puncto
623 2552 693 2600 suo
722 2527 762 2599 A
797 2526 1043 2600 describendo
1072 2526 1303 2601 trochoidem
1328 2526 1371 2598 A
1383 2526 1471 2601 LI.
1528 2526 1624 2623 Quo
1649 2529 1750 2614 facto,

283 2669 376 2741 cape
404 2644 501 2717 GK
522 2645 559 2716 in
591 2643 733 2717 ratione
757 2642 807 2716 ad
833 2658 924 2717 rotae
950 2644 1190 2740 perimetrum
1220 2645 1308 2720 GE
1315 2646 1359 2717 F
1364 2645 1411 2732 G,
1437 2660 1483 2719 ut
1507 2662 1572 2721 est
1597 2662 1749 2745 tempus,

283 4256 359 4327 quo
388 4255 522 4327 corpus
552 4229 828 4328 progrediendo
857 4231 906 4303 ab
935 4233 978 4305 A
1011 4232 1206 4331 descripsit
1236 4260 1362 4309 arcum
1390 4238 1432 4310 A
1447 4240 1497 4327 P,
1524 4242 1578 4316 ad
1606 4258 1750 4341 tempus

283 4344 524 4420 revolutionis
542 4346 651 4418 unius
670 4347 706 4418 in
726 4344 856 4443 ellipsi.
913 4348 1090 4447 Erigatur
1107 4350 1412 4447 perpendiculum
1429 4354 1480 4429 K
1488 4358 1527 4431 L
1555 4382 1750 4435 occurrens

283 4462 464 4537 trochoidi
496 4462 533 4535 in
562 4463 611 4549 L,
640 4462 676 4536 81
706 4479 789 4537 acta
817 4464 905 4537 LP
935 4465 1004 4561 ipsi
1034 4466 1083 4538 K
1095 4466 1131 4539 G
1160 4466 1336 4564 parallela
1359 4490 1532 4549 occurret
1563 4474 1749 4575 ellipsiin

283 4578 448 4673 corporis
464 4576 547 4652 loco
565 4579 724 4675 quaesito
741 4581 786 4654 P.

355 4692 455 4765 Nam
485 4710 613 4768 centro
646 4696 689 4781 0,
721 4693 914 4770 intervallo
947 4697 1032 4771 OA
1063 4699 1293 4776 describatur
1317 4705 1576 4783 semicirculus
1600 4712 1645 4787 A
1659 4710 1748 4803 QB,

284 4808 322 4883 dc
339 4808 439 4882 arcui
465 4810 506 4882 A
521 4810 556 4900 Q
582 4827 748 4885 occurrat
774 4812 810 4884 L
823 4814 861 4885 P
885 4813 916 4885 si
943 4839 1039 4910 opus
1065 4831 1123 4889 est
1148 4819 1330 4914 producta
1350 4822 1387 4895 in
1407 4824 1454 4914 Q,
1466 4825 1750 4927 jungunturque
