4110 5782
744 424 886 483 LIBER
910 423 1110 483 TERTIUS.
1584 447 1657 515 419

199 629 327 676 mense
353 604 393 674 A
400 613 535 699 agusta,
564 602 700 697 reperit
726 601 957 698 horologium
985 627 1093 673 suum
1120 600 1259 672 tardius
1287 601 1428 673 moveri
1449 626 1561 696 quam
1588 628 1656 698 pro

200 720 323 793 medio
350 737 452 793 motu
479 718 575 804 solis,
595 720 778 791 existente
804 718 1011 790 differentia
1044 717 1078 788 2'
1102 715 1173 788 28“
1196 715 1350 814 singulis
1376 717 1517 789 diebus.
1579 718 1655 791 De-

200 838 287 909 inde
313 837 482 909 faciendo
508 853 549 908 ut
575 835 778 931 pendulum
805 833 962 929 simplex
988 835 1036 905 ad
1063 834 1204 906 minuta
1230 832 1376 931 singula
1401 834 1565 906 secunda
1591 860 1658 929 per

200 953 431 1050 horologium
475 954 655 1049 optimum
704 968 915 1024 mensurata
961 950 1152 1035 oscillaret,
1199 951 1341 1024 notavit
1387 949 1656 1048 longitudinem

199 1069 351 1165 penduli
370 1068 554 1165 simplicis
575 1070 611 1142 8r
638 1069 707 1142 hoc
733 1069 820 1141 fecit
845 1068 981 1164 saepius
1008 1064 1161 1165 singulis
1188 1067 1404 1162 septimanis
1426 1092 1493 1162 per
1509 1092 1656 1141 menses

200 1186 338 1258 decem.
395 1186 495 1257 Tum
515 1186 551 1257 in
573 1187 740 1258 Galliam
759 1186 875 1258 redux
894 1183 1048 1257 contulit
1074 1180 1343 1281 longitudinem
1370 1183 1478 1281 hujus
1505 1183 1657 1279 penduli

200 1328 282 1374 cum
309 1300 540 1399 longitudine
567 1302 716 1398 penduli
748 1301 962 1374 Parisiensis
992 1301 1090 1397 (quae
1116 1317 1195 1373 erat
1221 1301 1331 1373 trium
1358 1301 1496 1395 pedum
1526 1301 1656 1374 Parisi-

199 1420 344 1492 ensium
380 1419 416 1491 dr
451 1436 535 1493 octo
578 1420 757 1493 linearum
791 1444 875 1491 cum
917 1418 1032 1489 tribus
1071 1417 1209 1513 quintis
1249 1417 1415 1512 partibus
1452 1416 1574 1514 lineae)
1620 1418 1656 1492 81

200 1538 336 1632 reperit
353 1537 560 1610 breviorem
575 1564 666 1623 esse,
682 1538 864 1610 existente
877 1535 1085 1607 differentia
1098 1533 1204 1607 lineae
1219 1535 1326 1606 unius
1341 1561 1423 1607 cum
1438 1535 1654 1630 quadrante.

270 1655 405 1727 Postea
438 1656 617 1728 Hullet'us
652 1669 778 1726 noster
813 1653 908 1725 circa
942 1676 1080 1723 annum
1117 1656 1209 1743 1677
1245 1651 1306 1727 ad.
1325 1650 1480 1723 insulam
1512 1653 1659 1724 Sancloe

198 1773 351 1844 Helenae
376 1773 556 1869 navigans
583 1772 719 1867 reperit
745 1769 978 1866 horologium
1006 1792 1114 1839 suum
1141 1766 1403 1842 oscillatorium
1432 1769 1481 1842 ibi
1517 1769 1656 1842 tardius

200 1889 341 1960 moveri
376 1913 488 1984 quam
523 1889 698 1974 Londc'ni,
734 1888 802 1961 sed
837 1886 1082 1958 differentiam
1120 1910 1193 1957 non
1230 1886 1381 1959 notavit.
1449 1884 1656 1959 Pendulum

199 2029 289 2076 vero
320 2004 469 2076 brevius
501 2003 661 2076 reddidit
692 2004 888 2100 plusquam
917 2018 1050 2076 octava
1084 2018 1188 2098 parte
1215 2002 1331 2100 digiti,
1363 2028 1428 2075 seu
1459 2001 1556 2075 linea
1583 2028 1657 2076 una

200 2146 283 2192 cum
318 2121 481 2194 semisse.
539 2121 591 2193 Et
621 2121 668 2194 ad
700 2122 770 2194 hoc
801 2120 1046 2205 efficiendum,
1078 2144 1162 2191 cum
1196 2116 1390 2216 longitudo
1424 2117 1584 2193 cochleae
1619 2119 1656 2191 in

201 2238 273 2310 ima
299 2255 404 2333 parte
431 2237 582 2333 penduli
610 2264 683 2311 non
710 2239 905 2324 sufficeret,
923 2235 1100 2310 annulum
1121 2235 1285 2335 ligneum
1307 2236 1424 2308 thecae
1442 2232 1603 2309 cochleae
1621 2234 1657 2308 81

200 2355 355 2448 ponderi
374 2354 536 2448 pendulo
555 2355 781 2451 interposuit.

271 2470 419 2542 Deinde
453 2497 552 2545 anno
593 2476 682 2544 1682
723 2473 770 2545 D.
819 2472 939 2544 Varz'n
983 2470 1020 2544 81
1066 2471 1112 2544 D.
1156 2472 1232 2544 Des
1273 2471 1399 2567 Hayes
1439 2470 1659 2544 invenerunt

200 2584 470 2683 longitudinem
506 2588 656 2683 penduli
691 2589 846 2687 singulis
881 2589 1031 2662 minutis
1066 2588 1237 2662 secundis
1271 2585 1470 2661 oscillantis
1513 2588 1549 2660 in
1593 2588 1657 2670 ob-

200 2704 404 2776 servatorio
432 2706 534 2802 regio
565 2706 759 2778 Parisiensi
787 2732 870 2779 esse
896 2705 980 2801 ped.
1012 2730 1031 2799 3
1059 2704 1118 2781 lin.
1143 2704 1195 2782 ὃὸ.
1253 2705 1304 2777 Et
1331 2705 1367 2776 in
1389 2703 1508 2777 insula
1540 2704 1659 2777 Gorea

201 2822 333 2893 eadem
369 2822 546 2896 methodo
580 2821 852 2921 longitudinem
888 2822 1041 2919 penduli
1078 2822 1274 2919 synchroni
1314 2822 1534 2894 invenerunt
1575 2846 1658 2894 esse

201 2939 283 3033 ped.
324 2964 344 3032 3
388 2939 448 3012 lin.
488 2939 539 3025 6³⁵5,
580 2941 764 3014 existente
808 2938 1084 3038 longitudinum
1127 2938 1334 3012 differentia
1385 2937 1444 3011 lin.
1493 2962 1524 3011 2.
1607 2938 1659 3011 Et

202 3054 334 3129 eodem
369 3081 468 3129 anno
503 3057 550 3129 ad
587 3057 725 3130 insulas
763 3058 1047 3153 Guaduloupum
1078 3057 1114 3129 u
1144 3055 1393 3128 Martinicum
1428 3056 1657 3153 navigantes,

201 3173 421 3246 invenerunt
447 3173 717 3271 longitudinem
750 3174 901 3271 penduli
932 3175 1129 3271 synchroni
1159 3174 1195 3247 in
1224 3173 1281 3245 his
1309 3171 1436 3247 insulis
1462 3199 1545 3247 esse
1571 3173 1654 3268 ped.
1773 3203 1774 3207 ¹

204 3315 222 3382 3
251 3289 310 3362 lin.
342 3290 393 3368 ὁὲ.

143 3419 147 3426 ’
272 3409 429 3481 Posthac
465 3409 512 3482 D.
551 3411 701 3504 Conplel
732 3409 827 3482 filius
858 3434 956 3482 anno
992 3415 1085 3501 1697
1123 3433 1251 3481 mense
1285 3407 1399 3497 Julio
1426 3408 1658 3505 horologium

201 3548 308 3594 suum
339 3523 599 3598 oscillatorium
628 3527 676 3597 ad
712 3540 853 3599 motum
889 3523 976 3598 solis
1011 3525 1174 3598 medium
1206 3525 1242 3596 in
1273 3525 1526 3597 observatorio
1557 3525 1660 3621 regio

204 3638 399 3712 Parisiensi
426 3641 478 3712 sic
504 3643 658 3737 aptavit,
678 3659 719 3715 ut
746 3659 912 3737 tempore
939 3642 1028 3714 satis
1055 3640 1167 3739 longo
1194 3640 1424 3736 horologium
1450 3665 1533 3713 cum
1556 3654 1659 3713 motu

200 3754 287 3828 solis
306 3773 533 3852 congrueret.
591 3758 739 3831 Deinde
765 3760 1036 3855 Ulyssipponem
1055 3759 1235 3855 navigans
1254 3755 1395 3828 invenit
1412 3757 1512 3852 quod
1531 3782 1659 3830 mense

199 3872 406 3943 Novembri
433 3874 604 3967 proximo
639 3873 871 3973 horologium
913 3876 1053 3948 tardius
1088 3877 1157 3949 iret
1186 3900 1298 3970 quam
1334 3874 1443 3969 prius,
1475 3873 1657 3948 existente

200 3987 408 4059 differentia
429 3988 462 4059 2'
486 3989 555 4082 13''
574 3991 610 4062 in
631 3991 729 4064 horis
750 4017 806 4084 24·
864 3992 915 4065 Et
937 4018 1065 4066 mense
1082 3993 1230 4065 Martz'o
1252 4007 1431 4088 sequente
1452 3992 1658 4064 Paraz'bam

200 4103 381 4200 navigans
418 4105 563 4178 invenit
598 4107 648 4179 ibi
685 4109 914 4208 horologium
950 4136 1057 4182 suum
1093 4110 1232 4183 tardius
1264 4109 1316 4182 ire
1343 4135 1455 4205 quam
1486 4110 1657 4196 Partitis,

200 4221 383 4294 existente
418 4223 628 4296 differentia
663 4224 699 4316 4'
734 4224 802 4297 12''
837 4226 873 4298 in
915 4226 1013 4299 horis
1052 4250 1106 4317 24.
1173 4227 1225 4300 Et
1262 4225 1421 4299 affirmat
1454 4225 1656 4321 pendulum

200 4339 247 4409 ad
286 4339 426 4411 minuta
461 4342 625 4414 secunda
660 4341 829 4415 oscillans
864 4343 1012 4416 brevius
1051 4343 1164 4416 fuisse
1210 4343 1444 4439 Ulysstppom'
1473 4342 1579 4416 lineis
1616 4343 1658 4422 2}

202 4455 237 4527 81
265 4458 441 4528 Puraz'boe
465 4457 572 4530 lineis
601 4458 643 4552 3}
670 4485 782 4556 quam
808 4460 979 4534 Parzsz'z's.
1045 4460 1197 4533 Rectius
1222 4459 1409 4555 posuisset
1433 4459 1659 4533 differentias

201 4597 283 4643 esse
315 4571 498 4650 138123.
556 4574 656 4648 Nam
688 4577 746 4649 hae
770 4577 987 4649 differentiae
1013 4576 1229 4649 differentiis
1260 4591 1469 4670 temporum
1506 4574 1540 4649 2'
1579 4575 1656 4671 13'',

202 4688 237 4760 &
273 4688 309 4780 4'
352 4688 421 4761 12¹¹
452 4691 686 4785 respondent.
753 4693 1003 4767 Crassioribus
1034 4694 1142 4792 hujus
1177 4694 1496 4769 observationibus
1536 4697 1657 4770 minus

204 4804 394 4878 fidendum
412 4824 477 4879 est.
