<?xml version="1.0" encoding="UTF-8"?>
<!DOCTYPE html PUBLIC "-//W3C//DTD XHTML 1.0 Transitional//EN"
    "http://www.w3.org/TR/xhtml1/DTD/xhtml1-transitional.dtd">
<html xmlns="http://www.w3.org/1999/xhtml" xml:lang="en" lang="en">
 <head>
  <title>
</title>
<meta http-equiv="Content-Type" content="text/html;charset=utf-8" />
  <meta name='ocr-system' content='tesseract 3.04.00' />
  <meta name='ocr-capabilities' content='ocr_page ocr_carea ocr_par ocr_line ocrx_word'/>
</head>
<body>
  <div class='ocr_page' id='page_1' title='image "./sirisaacnewtons01newtgoog_0418.png"; bbox 0 0 1583 1669; ppageno 0'>
   <div class='ocr_carea' id='block_1_1' title="bbox 609 220 1077 243">
    <p class='ocr_par' dir='ltr' id='par_1_1' title="bbox 609 220 1077 243">
     <span class='ocr_line' id='line_1_1' title="bbox 609 220 1077 243; baseline -0.002 -8"><span class='ocrx_word' id='word_1_1' title='bbox 609 221 678 235; x_wconf 76' lang='lat' dir='ltr'><em>LIBER</em></span> <span class='ocrx_word' id='word_1_2' title='bbox 689 220 731 235; x_wconf 58' lang='grc' dir='ltr'>εἰς</span> <span class='ocrx_word' id='word_1_3' title='bbox 734 221 781 236; x_wconf 82' lang='lat' dir='ltr'>UND</span> <span class='ocrx_word' id='word_1_4' title='bbox 785 220 814 235; x_wconf 29' lang='lat' dir='ltr'>vs*</span> <span class='ocrx_word' id='word_1_5' title='bbox 1041 226 1077 243; x_wconf 83' lang='lat'>377</span> 
     </span>
    </p>
   </div>
   <div class='ocr_carea' id='block_1_2' title="bbox 446 304 980 324">
    <p class='ocr_par' dir='ltr' id='par_1_2' title="bbox 446 304 980 324">
     <span class='ocr_line' id='line_1_2' title="bbox 446 304 980 324; baseline -0.004 0"><span class='ocrx_word' id='word_1_6' title='bbox 446 305 634 324; x_wconf 83' lang='lat' dir='ltr'>PROPOSITIO</span> <span class='ocrx_word' id='word_1_7' title='bbox 649 305 698 323; x_wconf 85' lang='lat' dir='ltr'>L11.</span> <span class='ocrx_word' id='word_1_8' title='bbox 736 304 916 322; x_wconf 83' lang='lat' dir='ltr'>THEOREMA</span> <span class='ocrx_word' id='word_1_9' title='bbox 933 304 980 322; x_wconf 91' lang='lat' dir='ltr'>XL.</span> 
     </span>
    </p>
   </div>
   <div class='ocr_carea' id='block_1_3' title="bbox 351 362 1080 521">
    <p class='ocr_par' dir='ltr' id='par_1_3' title="bbox 351 362 1080 521">
     <span class='ocr_line' id='line_1_3' title="bbox 351 362 1080 388; baseline -0.003 -6"><span class='ocrx_word' id='word_1_10' title='bbox 351 364 375 382; x_wconf 76' lang='lat' dir='ltr'>Si</span> <span class='ocrx_word' id='word_1_11' title='bbox 382 364 454 388; x_wconf 48' lang='lat' dir='ltr'>filma</span> <span class='ocrx_word' id='word_1_12' title='bbox 466 364 528 385; x_wconf 78' lang='lat' dir='ltr'>solida,</span> <span class='ocrx_word' id='word_1_13' title='bbox 538 363 558 381; x_wconf 78' lang='lat' dir='ltr'>in</span> <span class='ocrx_word' id='word_1_14' title='bbox 565 363 628 387; x_wconf 82' lang='lat' dir='ltr'>fluido</span> <span class='ocrx_word' id='word_1_15' title='bbox 637 362 730 386; x_wconf 80' lang='lat' dir='ltr'><em>uniformi</em></span> <span class='ocrx_word' id='word_1_16' title='bbox 743 363 767 382; x_wconf 59' lang='grc' dir='ltr'>ἀπ’</span> <span class='ocrx_word' id='word_1_17' title='bbox 780 363 859 387; x_wconf 78' lang='lat' dir='ltr'>infinito,</span> <span class='ocrx_word' id='word_1_18' title='bbox 868 362 916 380; x_wconf 71' lang='lat' dir='ltr'>circa</span> <span class='ocrx_word' id='word_1_19' title='bbox 929 368 981 380; x_wconf 79' lang='lat' dir='ltr'>axem</span> <span class='ocrx_word' id='word_1_20' title='bbox 990 362 1080 386; x_wconf 76' lang='lat' dir='ltr'><em>positione</em></span> 
     </span>
     <span class='ocr_line' id='line_1_4' title="bbox 373 395 1079 421; baseline -0.003 -6"><span class='ocrx_word' id='word_1_21' title='bbox 373 397 438 415; x_wconf 80' lang='lat' dir='ltr'>datum</span> <span class='ocrx_word' id='word_1_22' title='bbox 453 397 547 421; x_wconf 79' lang='lat' dir='ltr'><em>uniformi</em></span> <span class='ocrx_word' id='word_1_23' title='bbox 559 403 599 415; x_wconf 88' lang='lat' dir='ltr'>cum</span> <span class='ocrx_word' id='word_1_24' title='bbox 615 398 665 414; x_wconf 78' lang='lat' dir='ltr'>motu</span> <span class='ocrx_word' id='word_1_25' title='bbox 678 396 788 418; x_wconf 75' lang='lat' dir='ltr'><em>revolvatur,</em></span> <span class='ocrx_word' id='word_1_26' title='bbox 804 397 828 415; x_wconf 65' lang='grc' dir='ltr'>ὣ*</span> <span class='ocrx_word' id='word_1_27' title='bbox 842 396 865 414; x_wconf 81' lang='lat' dir='ltr'>ab</span> <span class='ocrx_word' id='word_1_28' title='bbox 879 396 936 420; x_wconf 75' lang='lat' dir='ltr'>hujus</span> <span class='ocrx_word' id='word_1_29' title='bbox 948 396 1029 420; x_wconf 82' lang='lat' dir='ltr'>impulsu</span> <span class='ocrx_word' id='word_1_30' title='bbox 1042 395 1079 413; x_wconf 79' lang='lat' dir='ltr'>solo</span> 
     </span>
     <span class='ocr_line' id='line_1_5' title="bbox 374 429 1080 454; baseline -0.001 -6"><span class='ocrx_word' id='word_1_31' title='bbox 374 432 445 454; x_wconf 74' lang='lat' dir='ltr'>agatur</span> <span class='ocrx_word' id='word_1_32' title='bbox 450 430 536 454; x_wconf 74' lang='lat' dir='ltr'>fluidum</span> <span class='ocrx_word' id='word_1_33' title='bbox 551 430 571 448; x_wconf 78' lang='lat' dir='ltr'>in</span> <span class='ocrx_word' id='word_1_34' title='bbox 584 430 655 451; x_wconf 76' lang='lat' dir='ltr'>orbem,-</span> <span class='ocrx_word' id='word_1_35' title='bbox 664 432 765 454; x_wconf 66' lang='lat' dir='ltr'>perseveret</span> <span class='ocrx_word' id='word_1_36' title='bbox 776 432 836 448; x_wconf 79' lang='lat' dir='ltr'>aulem</span> <span class='ocrx_word' id='word_1_37' title='bbox 843 429 906 454; x_wconf 76' lang='lat' dir='ltr'>fluidi</span> <span class='ocrx_word' id='word_1_38' title='bbox 908 432 957 453; x_wconf 80' lang='lat' dir='ltr'>pars</span> <span class='ocrx_word' id='word_1_39' title='bbox 968 436 1080 453; x_wconf 75' lang='lat' dir='ltr'>unaquaque</span> 
     </span>
     <span class='ocr_line' id='line_1_6' title="bbox 375 463 1078 487; baseline -0.001 -5"><span class='ocrx_word' id='word_1_40' title='bbox 375 464 497 487; x_wconf 73' lang='lat' dir='ltr'>mu&#39;fhrmiler</span> <span class='ocrx_word' id='word_1_41' title='bbox 513 464 533 482; x_wconf 84' lang='lat' dir='ltr'>in</span> <span class='ocrx_word' id='word_1_42' title='bbox 547 466 596 481; x_wconf 73' lang='lat' dir='ltr'>motu</span> <span class='ocrx_word' id='word_1_43' title='bbox 609 469 652 481; x_wconf 85' lang='lat' dir='ltr'>suo:</span> <span class='ocrx_word' id='word_1_44' title='bbox 669 463 708 481; x_wconf 78' lang='lat' dir='ltr'>dico</span> <span class='ocrx_word' id='word_1_45' title='bbox 726 463 775 487; x_wconf 84' lang='lat' dir='ltr'>quod</span> <span class='ocrx_word' id='word_1_46' title='bbox 790 465 870 487; x_wconf 71' lang='lat' dir='ltr'>tempora</span> <span class='ocrx_word' id='word_1_47' title='bbox 884 463 977 487; x_wconf 73' lang='lat' dir='ltr'><em>periodica</em></span> <span class='ocrx_word' id='word_1_48' title='bbox 991 463 1078 487; x_wconf 73' lang='lat' dir='ltr'>partium</span> 
     </span>
     <span class='ocr_line' id='line_1_7' title="bbox 368 496 941 521; baseline -0.002 -6"><span class='ocrx_word' id='word_1_49' title='bbox 368 497 431 521; x_wconf 77' lang='lat' dir='ltr'>fluidi</span> <span class='ocrx_word' id='word_1_50' title='bbox 437 500 493 515; x_wconf 74' lang='lat' dir='ltr'>erunt</span> <span class='ocrx_word' id='word_1_51' title='bbox 501 500 523 515; x_wconf 85' lang='lat' dir='ltr'>ul</span> <span class='ocrx_word' id='word_1_52' title='bbox 531 497 623 521; x_wconf 78' lang='lat' dir='ltr'>quadrata</span> <span class='ocrx_word' id='word_1_53' title='bbox 631 496 765 515; x_wconf 60' lang='lat' dir='ltr'>distamiamaem</span> <span class='ocrx_word' id='word_1_54' title='bbox 773 503 785 514; x_wconf 79' lang='lat' dir='ltr'>a</span> <span class='ocrx_word' id='word_1_55' title='bbox 794 499 855 515; x_wconf 74' lang='lat' dir='ltr'>centro</span> <span class='ocrx_word' id='word_1_56' title='bbox 862 497 941 521; x_wconf 57' lang='lat' dir='ltr'>‚plus-m.</span> 
     </span>
    </p>
   </div>
   <div class='ocr_carea' id='block_1_4' title="bbox 349 566 1081 1346">
    <p class='ocr_par' dir='ltr' id='par_1_4' title="bbox 349 566 1081 1346">
     <span class='ocr_line' id='line_1_8' title="bbox 385 566 1077 591; baseline 0 -6"><span class='ocrx_word' id='word_1_57' title='bbox 385 567 425 585; x_wconf 80' lang='lat' dir='ltr'>Cas.</span> <span class='ocrx_word' id='word_1_58' title='bbox 443 573 456 585; x_wconf 89' lang='lat'>1.</span> <span class='ocrx_word' id='word_1_59' title='bbox 471 567 500 585; x_wconf 88' lang='lat' dir='ltr'>Sit</span> <span class='ocrx_word' id='word_1_60' title='bbox 508 567 571 585; x_wconf 89' lang='lat' dir='ltr'>AFL</span> <span class='ocrx_word' id='word_1_61' title='bbox 582 567 654 591; x_wconf 81' lang='lat' dir='ltr'>sphaera</span> <span class='ocrx_word' id='word_1_62' title='bbox 664 566 779 585; x_wconf 82' lang='lat' dir='ltr'>uniformiter</span> <span class='ocrx_word' id='word_1_63' title='bbox 787 567 834 585; x_wconf 85' lang='lat' dir='ltr'>circa</span> <span class='ocrx_word' id='word_1_64' title='bbox 843 573 897 585; x_wconf 82' lang='lat' dir='ltr'>axem</span> <span class='ocrx_word' id='word_1_65' title='bbox 907 567 924 585; x_wconf 91' lang='lat' dir='ltr'><em>S</em></span> <span class='ocrx_word' id='word_1_66' title='bbox 932 567 949 585; x_wconf 90' lang='lat' dir='ltr'>in</span> <span class='ocrx_word' id='word_1_67' title='bbox 959 567 1023 585; x_wconf 86' lang='lat' dir='ltr'>orbem</span> <span class='ocrx_word' id='word_1_68' title='bbox 1032 570 1077 587; x_wconf 78' lang='lat' dir='ltr'>acta,</span> 
     </span>
     <span class='ocr_line' id='line_1_9' title="bbox 351 596 1079 621; baseline 0 -7"><span class='ocrx_word' id='word_1_69' title='bbox 351 596 369 614; x_wconf 72' lang='grc' dir='ltr'>ἃ</span> <span class='ocrx_word' id='word_1_70' title='bbox 378 596 449 614; x_wconf 86' lang='lat' dir='ltr'>circulis</span> <span class='ocrx_word' id='word_1_71' title='bbox 458 596 578 614; x_wconf 84' lang='lat' dir='ltr'>eoncentricis</span> <span class='ocrx_word' id='word_1_72' title='bbox 587 596 660 617; x_wconf 79' lang='lat' dir='ltr'><em>BGM.</em></span> <span class='ocrx_word' id='word_1_73' title='bbox 671 596 743 617; x_wconf 82' lang='lat' dir='ltr'><em>CHN,</em></span> <span class='ocrx_word' id='word_1_74' title='bbox 753 596 817 618; x_wconf 77' lang='lat' dir='ltr'><em>DIO,</em></span> <span class='ocrx_word' id='word_1_75' title='bbox 826 597 901 618; x_wconf 83' lang='lat' dir='ltr'><em>EKP,</em></span> <span class='ocrx_word' id='word_1_76' title='bbox 911 596 944 615; x_wconf 65' lang='lat' dir='ltr'>&amp;a</span> <span class='ocrx_word' id='word_1_77' title='bbox 954 596 1079 621; x_wconf 77' lang='lat' dir='ltr'>distinguatur</span> 
     </span>
     <span class='ocr_line' id='line_1_10' title="bbox 351 625 1076 650; baseline 0 -7"><span class='ocrx_word' id='word_1_78' title='bbox 351 625 429 643; x_wconf 85' lang='lat' dir='ltr'>fluidum</span> <span class='ocrx_word' id='word_1_79' title='bbox 448 625 466 643; x_wconf 92' lang='lat' dir='ltr'>in</span> <span class='ocrx_word' id='word_1_80' title='bbox 488 625 543 644; x_wconf 87' lang='lat' dir='ltr'>orbes</span> <span class='ocrx_word' id='word_1_81' title='bbox 565 625 671 643; x_wconf 84' lang='lat' dir='ltr'>innumeros</span> <span class='ocrx_word' id='word_1_82' title='bbox 693 625 819 644; x_wconf 86' lang='lat' dir='ltr'>concentricos</span> <span class='ocrx_word' id='word_1_83' title='bbox 841 625 924 650; x_wconf 85' lang='lat' dir='ltr'>ejusdem</span> <span class='ocrx_word' id='word_1_84' title='bbox 946 625 1076 643; x_wconf 71' lang='lat' dir='ltr'>erassitudinis.</span> 
     </span>
     <span class='ocr_line' id='line_1_11' title="bbox 352 653 1078 679; baseline 0 -7"><span class='ocrx_word' id='word_1_85' title='bbox 352 654 412 678; x_wconf 75' lang='lat' dir='ltr'>Finge</span> <span class='ocrx_word' id='word_1_86' title='bbox 421 659 483 673; x_wconf 80' lang='lat' dir='ltr'>autem</span> <span class='ocrx_word' id='word_1_87' title='bbox 497 655 552 673; x_wconf 85' lang='lat' dir='ltr'>orbes</span> <span class='ocrx_word' id='word_1_88' title='bbox 566 654 606 672; x_wconf 86' lang='lat' dir='ltr'>illos</span> <span class='ocrx_word' id='word_1_89' title='bbox 619 660 660 672; x_wconf 86' lang='lat' dir='ltr'>esse</span> <span class='ocrx_word' id='word_1_90' title='bbox 674 653 753 675; x_wconf 77' lang='lat' dir='ltr'>solidos:</span> <span class='ocrx_word' id='word_1_91' title='bbox 767 654 785 672; x_wconf 71' lang='grc' dir='ltr'>ἃ</span> <span class='ocrx_word' id='word_1_92' title='bbox 799 655 886 678; x_wconf 89' lang='lat' dir='ltr'>quoniam</span> <span class='ocrx_word' id='word_1_93' title='bbox 900 654 1036 679; x_wconf 81' lang='lat' dir='ltr'>homogeneum</span> <span class='ocrx_word' id='word_1_94' title='bbox 1050 658 1078 672; x_wconf 85' lang='lat' dir='ltr'>est</span> 
     </span>
     <span class='ocr_line' id='line_1_12' title="bbox 350 683 1079 707; baseline 0 -6"><span class='ocrx_word' id='word_1_95' title='bbox 350 683 432 706; x_wconf 88' lang='lat' dir='ltr'>fluidum,</span> <span class='ocrx_word' id='word_1_96' title='bbox 443 684 574 707; x_wconf 79' lang='lat' dir='ltr'>impressiones</span> <span class='ocrx_word' id='word_1_97' title='bbox 587 683 716 707; x_wconf 82' lang='lat' dir='ltr'>contiguorum</span> <span class='ocrx_word' id='word_1_98' title='bbox 730 683 802 701; x_wconf 88' lang='lat' dir='ltr'>orbium</span> <span class='ocrx_word' id='word_1_99' title='bbox 816 684 834 702; x_wconf 93' lang='lat' dir='ltr'>in</span> <span class='ocrx_word' id='word_1_100' title='bbox 845 690 865 702; x_wconf 93' lang='lat' dir='ltr'>se</span> <span class='ocrx_word' id='word_1_101' title='bbox 878 687 943 702; x_wconf 88' lang='lat' dir='ltr'>mutuo</span> <span class='ocrx_word' id='word_1_102' title='bbox 955 683 1009 701; x_wconf 72' lang='lat' dir='ltr'>sactae</span> <span class='ocrx_word' id='word_1_103' title='bbox 1024 687 1079 701; x_wconf 84' lang='lat' dir='ltr'>erunt</span> 
     </span>
     <span class='ocr_line' id='line_1_13' title="bbox 351 712 733 737; baseline -0.003 -6"><span class='ocrx_word' id='word_1_104' title='bbox 351 712 392 737; x_wconf 87' lang='lat' dir='ltr'>(per</span> <span class='ocrx_word' id='word_1_105' title='bbox 401 712 519 736; x_wconf 83' lang='lat' dir='ltr'>hypothesin)</span> <span class='ocrx_word' id='word_1_106' title='bbox 530 716 550 731; x_wconf 87' lang='lat' dir='ltr'>ut</span> <span class='ocrx_word' id='word_1_107' title='bbox 559 719 623 731; x_wconf 87' lang='lat' dir='ltr'>eorum</span> <span class='ocrx_word' id='word_1_108' title='bbox 631 712 733 731; x_wconf 80' lang='lat' dir='ltr'>translatio-</span> 
     </span>
     <span class='ocr_line' id='line_1_14' title="bbox 351 741 734 765; baseline 0 -6"><span class='ocrx_word' id='word_1_109' title='bbox 351 747 383 759; x_wconf 85' lang='lat' dir='ltr'>nes</span> <span class='ocrx_word' id='word_1_110' title='bbox 391 741 414 759; x_wconf 90' lang='lat' dir='ltr'>ab</span> <span class='ocrx_word' id='word_1_111' title='bbox 421 742 500 760; x_wconf 86' lang='lat' dir='ltr'>invicem</span> <span class='ocrx_word' id='word_1_112' title='bbox 506 741 524 760; x_wconf 75' lang='grc' dir='ltr'>δι</span> <span class='ocrx_word' id='word_1_113' title='bbox 529 741 636 765; x_wconf 81' lang='lat' dir='ltr'>superficies</span> <span class='ocrx_word' id='word_1_114' title='bbox 643 741 734 765; x_wconf 62' lang='lat' dir='ltr'>contiguae</span> 
     </span>
     <span class='ocr_line' id='line_1_15' title="bbox 350 770 734 794; baseline 0 -6"><span class='ocrx_word' id='word_1_115' title='bbox 350 770 368 788; x_wconf 90' lang='lat' dir='ltr'>in</span> <span class='ocrx_word' id='word_1_116' title='bbox 386 770 454 794; x_wconf 91' lang='lat' dir='ltr'>quibus</span> <span class='ocrx_word' id='word_1_117' title='bbox 472 770 604 794; x_wconf 79' lang='lat' dir='ltr'>impressiones</span> <span class='ocrx_word' id='word_1_118' title='bbox 626 770 677 788; x_wconf 82' lang='lat' dir='ltr'>fiunt.</span> <span class='ocrx_word' id='word_1_119' title='bbox 713 770 734 788; x_wconf 84' lang='lat' dir='ltr'>Si</span> 
     </span>
     <span class='ocr_line' id='line_1_16' title="bbox 350 798 734 823; baseline 0 -6"><span class='ocrx_word' id='word_1_120' title='bbox 350 799 446 823; x_wconf 85' lang='lat' dir='ltr'>impressio</span> <span class='ocrx_word' id='word_1_121' title='bbox 454 799 472 817; x_wconf 90' lang='lat' dir='ltr'>in</span> <span class='ocrx_word' id='word_1_122' title='bbox 480 799 543 817; x_wconf 87' lang='lat' dir='ltr'>orbern</span> <span class='ocrx_word' id='word_1_123' title='bbox 551 798 631 823; x_wconf 78' lang='lat' dir='ltr'>aliquem</span> <span class='ocrx_word' id='word_1_124' title='bbox 641 799 700 823; x_wconf 80' lang='lat' dir='ltr'>major</span> <span class='ocrx_word' id='word_1_125' title='bbox 706 803 734 817; x_wconf 82' lang='lat' dir='ltr'>est</span> 
     </span>
     <span class='ocr_line' id='line_1_17' title="bbox 349 827 734 852; baseline 0 -6"><span class='ocrx_word' id='word_1_126' title='bbox 349 827 379 846; x_wconf 86' lang='lat' dir='ltr'>vel</span> <span class='ocrx_word' id='word_1_127' title='bbox 390 828 449 846; x_wconf 89' lang='lat' dir='ltr'>minor</span> <span class='ocrx_word' id='word_1_128' title='bbox 458 835 481 846; x_wconf 88' lang='lat' dir='ltr'>ex</span> <span class='ocrx_word' id='word_1_129' title='bbox 491 832 543 852; x_wconf 78' lang='lat' dir='ltr'>parte</span> <span class='ocrx_word' id='word_1_130' title='bbox 554 834 636 846; x_wconf 78' lang='lat' dir='ltr'>concava</span> <span class='ocrx_word' id='word_1_131' title='bbox 645 834 700 852; x_wconf 85' lang='lat' dir='ltr'>quam</span> <span class='ocrx_word' id='word_1_132' title='bbox 710 834 734 846; x_wconf 87' lang='lat' dir='ltr'>ex</span> 
     </span>
     <span class='ocr_line' id='line_1_18' title="bbox 349 857 734 881; baseline 0 -6"><span class='ocrx_word' id='word_1_133' title='bbox 349 862 402 881; x_wconf 81' lang='lat' dir='ltr'>parte</span> <span class='ocrx_word' id='word_1_134' title='bbox 411 864 505 879; x_wconf 84' lang='lat' dir='ltr'>convexa;</span> <span class='ocrx_word' id='word_1_135' title='bbox 520 857 628 881; x_wconf 68' lang='lat' dir='ltr'>praevalebit</span> <span class='ocrx_word' id='word_1_136' title='bbox 638 857 734 881; x_wconf 78' lang='lat' dir='ltr'>impressio</span> 
     </span>
     <span class='ocr_line' id='line_1_19' title="bbox 349 885 775 908; baseline 0 -4"><span class='ocrx_word' id='word_1_137' title='bbox 349 886 418 908; x_wconf 69' lang='lat' dir='ltr'>sortior,</span> <span class='ocrx_word' id='word_1_138' title='bbox 441 886 459 904; x_wconf 75' lang='grc' dir='ltr'>δι</span> <span class='ocrx_word' id='word_1_139' title='bbox 485 886 602 904; x_wconf 76' lang='lat' dir='ltr'>velocitatem</span> <span class='ocrx_word' id='word_1_140' title='bbox 628 886 678 904; x_wconf 88' lang='lat' dir='ltr'>orbis</span> <span class='ocrx_word' id='word_1_141' title='bbox 704 885 734 904; x_wconf 87' lang='lat' dir='ltr'>vel</span> <span class='ocrx_word' id='word_1_142' title='bbox 750 888 756 905; x_wconf 68' lang='lat'>,&#39;</span> <span class='ocrx_word' id='word_1_143' title='bbox 774 898 775 901; x_wconf 64' lang='lat'>,</span> 
     </span>
     <span class='ocr_line' id='line_1_20' title="bbox 349 915 792 942; baseline 0 -9"><span class='ocrx_word' id='word_1_144' title='bbox 349 915 459 933; x_wconf 77' lang='lat' dir='ltr'>accelerabit</span> <span class='ocrx_word' id='word_1_145' title='bbox 477 915 506 933; x_wconf 82' lang='lat' dir='ltr'>vel</span> <span class='ocrx_word' id='word_1_146' title='bbox 523 915 628 937; x_wconf 78' lang='lat' dir='ltr'>retardabit,</span> <span class='ocrx_word' id='word_1_147' title='bbox 645 919 700 939; x_wconf 87' lang='lat' dir='ltr'>prout</span> <span class='ocrx_word' id='word_1_148' title='bbox 716 915 734 933; x_wconf 92' lang='lat' dir='ltr'>in</span> <span class='ocrx_word' id='word_1_149' title='bbox 745 930 746 942; x_wconf 63' lang='lat'>2</span> <span class='ocrx_word' id='word_1_150' title='bbox 767 938 768 942; x_wconf 21' lang='grc' dir='ltr'><strong>Ἰ</strong></span> <span class='ocrx_word' id='word_1_151' title='bbox 791 918 792 923; x_wconf 72' lang='grc'>’</span> 
     </span>
     <span class='ocr_line' id='line_1_21' title="bbox 350 944 733 968; baseline 0 -6"><span class='ocrx_word' id='word_1_152' title='bbox 350 945 428 962; x_wconf 75' lang='lat' dir='ltr'>eandem</span> <span class='ocrx_word' id='word_1_153' title='bbox 442 944 537 968; x_wconf 76' lang='lat' dir='ltr'>regionem</span> <span class='ocrx_word' id='word_1_154' title='bbox 552 950 593 962; x_wconf 88' lang='lat' dir='ltr'>cum</span> <span class='ocrx_word' id='word_1_155' title='bbox 610 944 667 968; x_wconf 86' lang='lat' dir='ltr'>ipsius</span> <span class='ocrx_word' id='word_1_156' title='bbox 683 949 733 962; x_wconf 86' lang='lat' dir='ltr'>motu</span> 
     </span>
     <span class='ocr_line' id='line_1_22' title="bbox 349 971 751 998; baseline -0.002 -6"><span class='ocrx_word' id='word_1_157' title='bbox 349 973 379 992; x_wconf 86' lang='lat' dir='ltr'>vel</span> <span class='ocrx_word' id='word_1_158' title='bbox 390 974 407 992; x_wconf 90' lang='lat' dir='ltr'>in</span> <span class='ocrx_word' id='word_1_159' title='bbox 417 974 527 992; x_wconf 78' lang='lat' dir='ltr'>contrariam</span> <span class='ocrx_word' id='word_1_160' title='bbox 536 973 625 998; x_wconf 76' lang='lat' dir='ltr'>dirigitur.</span> <span class='ocrx_word' id='word_1_161' title='bbox 655 973 734 992; x_wconf 86' lang='lat' dir='ltr'>Proinde</span> <span class='ocrx_word' id='word_1_162' title='bbox 749 971 751 974; x_wconf 73' lang='grc'><strong>”</strong></span> 
     </span>
     <span class='ocr_line' id='line_1_23' title="bbox 349 1003 735 1026; baseline 0 -6"><span class='ocrx_word' id='word_1_163' title='bbox 349 1006 370 1020; x_wconf 92' lang='lat' dir='ltr'>ut</span> <span class='ocrx_word' id='word_1_164' title='bbox 387 1003 437 1021; x_wconf 89' lang='lat' dir='ltr'>orbis</span> <span class='ocrx_word' id='word_1_165' title='bbox 455 1003 582 1026; x_wconf 83' lang='lat' dir='ltr'>unusquisque</span> <span class='ocrx_word' id='word_1_166' title='bbox 600 1003 618 1020; x_wconf 91' lang='lat' dir='ltr'>in</span> <span class='ocrx_word' id='word_1_167' title='bbox 632 1006 682 1020; x_wconf 86' lang='lat' dir='ltr'>motu</span> <span class='ocrx_word' id='word_1_168' title='bbox 701 1009 735 1020; x_wconf 88' lang='lat' dir='ltr'>suo</span> 
     </span>
     <span class='ocr_line' id='line_1_24' title="bbox 349 1032 735 1055; baseline 0.003 -6"><span class='ocrx_word' id='word_1_169' title='bbox 349 1036 456 1055; x_wconf 78' lang='lat' dir='ltr'>perseveret</span> <span class='ocrx_word' id='word_1_170' title='bbox 488 1032 608 1054; x_wconf 75' lang='lat' dir='ltr'>uniformiter,</span> <span class='ocrx_word' id='word_1_171' title='bbox 640 1032 735 1050; x_wconf 83' lang='lat' dir='ltr'>debebunt</span> 
     </span>
     <span class='ocr_line' id='line_1_25' title="bbox 350 1061 734 1085; baseline 0.003 -7"><span class='ocrx_word' id='word_1_172' title='bbox 350 1061 480 1084; x_wconf 82' lang='lat' dir='ltr'>impressiones</span> <span class='ocrx_word' id='word_1_173' title='bbox 497 1067 520 1079; x_wconf 88' lang='lat' dir='ltr'>ex</span> <span class='ocrx_word' id='word_1_174' title='bbox 538 1064 590 1084; x_wconf 77' lang='lat' dir='ltr'>parte</span> <span class='ocrx_word' id='word_1_175' title='bbox 606 1064 684 1085; x_wconf 69' lang='lat' dir='ltr'>utraque</span> <span class='ocrx_word' id='word_1_176' title='bbox 700 1061 734 1079; x_wconf 90' lang='lat' dir='ltr'>sibi</span> 
     </span>
     <span class='ocr_line' id='line_1_26' title="bbox 350 1089 1076 1114; baseline -0.001 -6"><span class='ocrx_word' id='word_1_177' title='bbox 350 1090 429 1108; x_wconf 88' lang='lat' dir='ltr'>invicem</span> <span class='ocrx_word' id='word_1_178' title='bbox 439 1090 513 1113; x_wconf 64' lang='lat' dir='ltr'>aequari,</span> <span class='ocrx_word' id='word_1_179' title='bbox 523 1089 541 1107; x_wconf 61' lang='lat'>81</span> <span class='ocrx_word' id='word_1_180' title='bbox 551 1089 589 1108; x_wconf 81' lang='lat' dir='ltr'>fieri</span> <span class='ocrx_word' id='word_1_181' title='bbox 599 1090 617 1107; x_wconf 92' lang='lat' dir='ltr'>in</span> <span class='ocrx_word' id='word_1_182' title='bbox 627 1090 712 1114; x_wconf 85' lang='lat' dir='ltr'>regiones</span> <span class='ocrx_word' id='word_1_183' title='bbox 721 1089 826 1108; x_wconf 79' lang='lat' dir='ltr'>contrarias.</span> <span class='ocrx_word' id='word_1_184' title='bbox 856 1089 913 1107; x_wconf 89' lang='lat' dir='ltr'>Unde</span> <span class='ocrx_word' id='word_1_185' title='bbox 922 1095 964 1107; x_wconf 89' lang='lat' dir='ltr'>cum</span> <span class='ocrx_word' id='word_1_186' title='bbox 974 1089 1076 1113; x_wconf 88' lang='lat' dir='ltr'>impressio-</span> 
     </span>
     <span class='ocr_line' id='line_1_27' title="bbox 350 1118 1078 1143; baseline -0.001 -6"><span class='ocrx_word' id='word_1_187' title='bbox 350 1125 382 1137; x_wconf 85' lang='lat' dir='ltr'>nes</span> <span class='ocrx_word' id='word_1_188' title='bbox 392 1119 428 1137; x_wconf 87' lang='lat' dir='ltr'>sint</span> <span class='ocrx_word' id='word_1_189' title='bbox 438 1123 458 1137; x_wconf 88' lang='lat' dir='ltr'>ut</span> <span class='ocrx_word' id='word_1_190' title='bbox 467 1119 572 1143; x_wconf 79' lang='lat' dir='ltr'>continguae</span> <span class='ocrx_word' id='word_1_191' title='bbox 581 1119 688 1142; x_wconf 85' lang='lat' dir='ltr'>superficies</span> <span class='ocrx_word' id='word_1_192' title='bbox 701 1118 720 1137; x_wconf 68' lang='grc' dir='ltr'>δι</span> <span class='ocrx_word' id='word_1_193' title='bbox 733 1119 798 1137; x_wconf 87' lang='lat' dir='ltr'>harum</span> <span class='ocrx_word' id='word_1_194' title='bbox 812 1118 941 1137; x_wconf 82' lang='lat' dir='ltr'>translationes</span> <span class='ocrx_word' id='word_1_195' title='bbox 953 1118 978 1136; x_wconf 89' lang='lat' dir='ltr'>ab</span> <span class='ocrx_word' id='word_1_196' title='bbox 987 1118 1065 1136; x_wconf 86' lang='lat' dir='ltr'>invicem</span> <span class='ocrx_word' id='word_1_197' title='bbox 1074 1125 1078 1139; x_wconf 89' lang='lat'>;</span> 
     </span>
     <span class='ocr_line' id='line_1_28' title="bbox 350 1147 1079 1171; baseline 0 -6"><span class='ocrx_word' id='word_1_198' title='bbox 350 1152 403 1166; x_wconf 86' lang='lat' dir='ltr'>erunt</span> <span class='ocrx_word' id='word_1_199' title='bbox 413 1147 542 1166; x_wconf 82' lang='lat' dir='ltr'>translationes</span> <span class='ocrx_word' id='word_1_200' title='bbox 552 1148 624 1166; x_wconf 83' lang='lat' dir='ltr'>inverse</span> <span class='ocrx_word' id='word_1_201' title='bbox 633 1151 654 1165; x_wconf 90' lang='lat' dir='ltr'>ut</span> <span class='ocrx_word' id='word_1_202' title='bbox 663 1147 774 1171; x_wconf 84' lang='lat' dir='ltr'>superficies,</span> <span class='ocrx_word' id='word_1_203' title='bbox 785 1147 820 1165; x_wconf 87' lang='lat' dir='ltr'>hoc</span> <span class='ocrx_word' id='word_1_204' title='bbox 833 1151 866 1169; x_wconf 73' lang='lat' dir='ltr'>est,</span> <span class='ocrx_word' id='word_1_205' title='bbox 876 1148 949 1166; x_wconf 85' lang='lat' dir='ltr'>inverse</span> <span class='ocrx_word' id='word_1_206' title='bbox 961 1151 980 1166; x_wconf 88' lang='lat' dir='ltr'>ut</span> <span class='ocrx_word' id='word_1_207' title='bbox 989 1147 1079 1171; x_wconf 78' lang='lat' dir='ltr'>quadrata</span> 
     </span>
     <span class='ocr_line' id='line_1_29' title="bbox 350 1176 1079 1200; baseline 0.001 -6"><span class='ocrx_word' id='word_1_208' title='bbox 350 1177 478 1195; x_wconf 78' lang='lat' dir='ltr'>distantiarum</span> <span class='ocrx_word' id='word_1_209' title='bbox 488 1176 626 1200; x_wconf 84' lang='lat' dir='ltr'>superficierum</span> <span class='ocrx_word' id='word_1_210' title='bbox 635 1183 646 1194; x_wconf 84' lang='lat' dir='ltr'>a</span> <span class='ocrx_word' id='word_1_211' title='bbox 655 1180 723 1195; x_wconf 83' lang='lat' dir='ltr'>centro.</span> <span class='ocrx_word' id='word_1_212' title='bbox 751 1176 800 1195; x_wconf 86' lang='lat' dir='ltr'>Sunt</span> <span class='ocrx_word' id='word_1_213' title='bbox 807 1181 869 1195; x_wconf 84' lang='lat' dir='ltr'>autem</span> <span class='ocrx_word' id='word_1_214' title='bbox 878 1177 987 1195; x_wconf 78' lang='lat' dir='ltr'>differentiae</span> <span class='ocrx_word' id='word_1_215' title='bbox 996 1180 1079 1195; x_wconf 86' lang='lat' dir='ltr'>motuum</span> 
     </span>
     <span class='ocr_line' id='line_1_30' title="bbox 351 1205 1079 1230; baseline 0.001 -7"><span class='ocrx_word' id='word_1_216' title='bbox 351 1205 466 1230; x_wconf 79' lang='lat' dir='ltr'>angularium</span> <span class='ocrx_word' id='word_1_217' title='bbox 481 1206 528 1224; x_wconf 83' lang='lat' dir='ltr'>circa</span> <span class='ocrx_word' id='word_1_218' title='bbox 542 1212 596 1224; x_wconf 86' lang='lat' dir='ltr'>axem</span> <span class='ocrx_word' id='word_1_219' title='bbox 610 1209 630 1223; x_wconf 86' lang='lat' dir='ltr'>ut</span> <span class='ocrx_word' id='word_1_220' title='bbox 643 1206 672 1224; x_wconf 79' lang='lat' dir='ltr'>hae</span> <span class='ocrx_word' id='word_1_221' title='bbox 687 1205 817 1224; x_wconf 84' lang='lat' dir='ltr'>translationes</span> <span class='ocrx_word' id='word_1_222' title='bbox 830 1205 927 1230; x_wconf 61' lang='lat' dir='ltr'>applicatae</span> <span class='ocrx_word' id='word_1_223' title='bbox 941 1206 964 1224; x_wconf 84' lang='lat' dir='ltr'>ad</span> <span class='ocrx_word' id='word_1_224' title='bbox 978 1206 1079 1226; x_wconf 77' lang='lat' dir='ltr'>distantias.</span> 
     </span>
     <span class='ocr_line' id='line_1_31' title="bbox 352 1234 1080 1259; baseline 0.001 -7"><span class='ocrx_word' id='word_1_225' title='bbox 352 1235 391 1253; x_wconf 84' lang='lat' dir='ltr'>sive</span> <span class='ocrx_word' id='word_1_226' title='bbox 401 1239 421 1253; x_wconf 91' lang='lat' dir='ltr'>ut</span> <span class='ocrx_word' id='word_1_227' title='bbox 430 1234 559 1253; x_wconf 78' lang='lat' dir='ltr'>translationes</span> <span class='ocrx_word' id='word_1_228' title='bbox 572 1234 642 1253; x_wconf 91' lang='lat' dir='ltr'>directe</span> <span class='ocrx_word' id='word_1_229' title='bbox 655 1234 673 1253; x_wconf 81' lang='lat'>&amp;</span> <span class='ocrx_word' id='word_1_230' title='bbox 686 1235 780 1253; x_wconf 74' lang='lat' dir='ltr'>distantiae</span> <span class='ocrx_word' id='word_1_231' title='bbox 794 1235 877 1257; x_wconf 73' lang='lat' dir='ltr'>inverse;</span> <span class='ocrx_word' id='word_1_232' title='bbox 891 1235 926 1253; x_wconf 87' lang='lat' dir='ltr'>hoc</span> <span class='ocrx_word' id='word_1_233' title='bbox 935 1239 968 1257; x_wconf 81' lang='lat' dir='ltr'>est,</span> <span class='ocrx_word' id='word_1_234' title='bbox 978 1235 1080 1259; x_wconf 84' lang='lat' dir='ltr'>conjunctis</span> 
     </span>
     <span class='ocr_line' id='line_1_32' title="bbox 353 1264 1080 1287; baseline 0.001 -6"><span class='ocrx_word' id='word_1_235' title='bbox 353 1264 459 1284; x_wconf 81' lang='lat' dir='ltr'>rationibus,</span> <span class='ocrx_word' id='word_1_236' title='bbox 470 1267 490 1282; x_wconf 92' lang='lat' dir='ltr'>ut</span> <span class='ocrx_word' id='word_1_237' title='bbox 499 1264 540 1282; x_wconf 89' lang='lat' dir='ltr'>cubi</span> <span class='ocrx_word' id='word_1_238' title='bbox 550 1264 678 1282; x_wconf 81' lang='lat' dir='ltr'>distantiarum</span> <span class='ocrx_word' id='word_1_239' title='bbox 690 1264 767 1282; x_wconf 86' lang='lat' dir='ltr'>inverse.</span> <span class='ocrx_word' id='word_1_240' title='bbox 795 1264 858 1287; x_wconf 80' lang='lat' dir='ltr'>Quare</span> <span class='ocrx_word' id='word_1_241' title='bbox 871 1264 886 1282; x_wconf 94' lang='lat' dir='ltr'>si</span> <span class='ocrx_word' id='word_1_242' title='bbox 900 1264 924 1282; x_wconf 81' lang='lat' dir='ltr'>ad</span> <span class='ocrx_word' id='word_1_243' title='bbox 937 1268 992 1282; x_wconf 81' lang='lat' dir='ltr'>rectae</span> <span class='ocrx_word' id='word_1_244' title='bbox 1005 1264 1080 1282; x_wconf 60' lang='lat' dir='ltr'>inflnitze</span> 
     </span>
     <span class='ocr_line' id='line_1_33' title="bbox 351 1292 1079 1317; baseline 0.001 -7"><span class='ocrx_word' id='word_1_245' title='bbox 351 1293 391 1310; x_wconf 74' lang='lat' dir='ltr'>SA</span> <span class='ocrx_word' id='word_1_246' title='bbox 399 1293 513 1315; x_wconf 79' lang='lat' dir='ltr'><em>BCDEQ</em></span> <span class='ocrx_word' id='word_1_247' title='bbox 527 1297 589 1316; x_wconf 82' lang='lat' dir='ltr'>partes</span> <span class='ocrx_word' id='word_1_248' title='bbox 598 1292 680 1317; x_wconf 78' lang='lat' dir='ltr'>singulas</span> <span class='ocrx_word' id='word_1_249' title='bbox 694 1293 788 1317; x_wconf 78' lang='lat' dir='ltr'>erigantur</span> <span class='ocrx_word' id='word_1_250' title='bbox 802 1292 934 1317; x_wconf 85' lang='lat' dir='ltr'>perpendicula</span> <span class='ocrx_word' id='word_1_251' title='bbox 941 1293 962 1311; x_wconf 88' lang='lat' dir='ltr'><em>A</em></span> <span class='ocrx_word' id='word_1_252' title='bbox 969 1299 985 1314; x_wconf 77' lang='lat' dir='ltr'>a,</span> <span class='ocrx_word' id='word_1_253' title='bbox 995 1293 1034 1315; x_wconf 78' lang='lat' dir='ltr'>Bb,</span> <span class='ocrx_word' id='word_1_254' title='bbox 1046 1293 1079 1315; x_wconf 82' lang='lat' dir='ltr'>Cc,</span> 
     </span>
     <span class='ocr_line' id='line_1_34' title="bbox 352 1322 1081 1346; baseline 0.001 -6"><span class='ocrx_word' id='word_1_255' title='bbox 352 1322 394 1343; x_wconf 76' lang='lat' dir='ltr'>Dd,</span> <span class='ocrx_word' id='word_1_256' title='bbox 407 1322 442 1343; x_wconf 64' lang='lat' dir='ltr'>lic,</span> <span class='ocrx_word' id='word_1_257' title='bbox 453 1322 485 1340; x_wconf 69' lang='lat' dir='ltr'>&amp;c⁴</span> <span class='ocrx_word' id='word_1_258' title='bbox 498 1322 578 1346; x_wconf 73' lang='lat' dir='ltr'>ipsarum</span> <span class='ocrx_word' id='word_1_259' title='bbox 592 1322 639 1343; x_wconf 80' lang='lat' dir='ltr'>SA.</span> <span class='ocrx_word' id='word_1_260' title='bbox 649 1323 693 1344; x_wconf 69' lang='lat' dir='ltr'>SR,</span> <span class='ocrx_word' id='word_1_261' title='bbox 703 1322 745 1344; x_wconf 84' lang='lat' dir='ltr'>SC,</span> <span class='ocrx_word' id='word_1_262' title='bbox 757 1323 804 1344; x_wconf 82' lang='lat' dir='ltr'>SD,</span> <span class='ocrx_word' id='word_1_263' title='bbox 818 1323 863 1344; x_wconf 87' lang='lat' dir='ltr'>SE,</span> <span class='ocrx_word' id='word_1_264' title='bbox 877 1322 909 1341; x_wconf 61' lang='lat' dir='ltr'>&amp;a</span> <span class='ocrx_word' id='word_1_265' title='bbox 924 1323 976 1341; x_wconf 90' lang='lat' dir='ltr'>cubis</span> <span class='ocrx_word' id='word_1_266' title='bbox 989 1322 1081 1346; x_wconf 79' lang='lat' dir='ltr'>reciproce</span> 
     </span>
    </p>
   </div>
   <div class='ocr_carea' id='block_1_5' title="bbox 748 719 1081 1071">
    <p class='ocr_par' dir='ltr' id='par_1_5' title="bbox 748 719 1081 1071">
     <span class='ocr_line' id='line_1_35' title="bbox 748 719 1081 1071; baseline 0 598"><span class='ocrx_word' id='word_1_267' title='bbox 748 719 1081 1071; x_wconf 95' lang='lat' dir='ltr'> </span> 
     </span>
    </p>
   </div>
  </div>
 </body>
</html>
