4110 5782
427 432 492 500 192
904 407 972 465 oe
992 408 1129 469 Moru
1148 409 1404 469 coapoauru

423 601 616 702 aequaliter
648 601 843 676 attractiva
876 616 1098 690 constantes
1136 601 1395 690 revolvantur;
1439 605 1586 699 sintque
1629 605 1815 678 distantiae
1859 632 1881 677 a

424 721 560 795 centris
593 720 822 816 sphaerarum
858 717 1152 814 proportionales
1196 719 1398 793 earundem
1442 720 1660 794 diametris:
1712 738 1882 817 tempora

424 837 612 933 periodica
629 851 737 909 erunt
754 833 920 931 aequalia
950 900 955 906 .

497 954 613 1027 Corol.
645 977 676 1026 2.
706 951 759 1024 Et
792 952 874 1026 vice
916 977 1034 1038 versa,
1078 952 1109 1025 si
1152 966 1321 1049 tempora
1354 951 1541 1048 periodica
1582 967 1670 1025 sunt
1703 952 1883 1048 aequalia;

427 1068 611 1143 distantiae
646 1082 756 1141 erunt
787 1065 1082 1164 proportionales
1117 1068 1314 1143 diametris.
1385 1068 1567 1143 Constant
1601 1069 1681 1142 haec
1716 1069 1791 1144 duo
1818 1095 1886 1165 per

427 1185 536 1261 corol
557 1209 578 1279 3
597 1209 700 1281 prop.
721 1207 769 1258 w.

499 1302 618 1376 Corol.
649 1326 681 1395 3.
711 1301 753 1375 Si
781 1300 830 1374 ad
847 1298 1050 1375 solidorum
1076 1300 1235 1376 duorum
1262 1300 1487 1398 quorumvis,
1506 1299 1679 1375 similium
1699 1302 1735 1375 8c
1762 1327 1885 1399 aequa-

429 1417 513 1493 liter
548 1417 758 1504 densorum,
794 1433 931 1514 puncta
967 1417 1114 1516 singula
1144 1418 1300 1491 tendant
1327 1419 1426 1491 vires
1462 1416 1624 1513 aequales
1658 1418 1885 1513 centripetae,

430 1536 685 1610 decrescentes
704 1536 740 1607 in
759 1533 945 1630 duplicata
962 1536 1104 1608 ratione
1121 1527 1378 1607 distantiarum
1396 1560 1418 1607 a
1436 1534 1602 1631 punctis;
1629 1535 1737 1620 vires,
1752 1534 1886 1629 quibus

320 1707 322 1710 >
431 1651 656 1749 corpuscula,
688 1651 736 1724 ad
765 1650 885 1725 solida
912 1649 973 1725 illa
1000 1651 1075 1725 duo
1105 1650 1273 1724 similiter
1299 1652 1378 1740 sita,
1406 1651 1637 1725 attrehentur
1665 1650 1713 1722 ab
1744 1649 1885 1735 iisdem,

431 1785 541 1844 erunt
557 1769 605 1842 ad
624 1768 782 1843 invicem
800 1784 842 1842 ut
858 1767 1026 1841 diametri
1045 1765 1256 1841 solidorum.

489 2119 865 2196 PROPOSITIO
910 2120 1128 2222 LXXlII.
1197 2118 1557 2194 THEOREMA
1605 2116 1829 2190 XXXIII.

442 2333 492 2407 Sc'
521 2331 576 2406 ad
598 2331 750 2429 spheerce
775 2333 935 2432 alicujus
962 2335 1060 2408 clotae
1077 2343 1222 2431 puncta
1250 2334 1399 2432 singule
1430 2334 1583 2408 tendant
1614 2336 1768 2431 cequclcs
1796 2335 1890 2406 vires

483 2467 685 2562 centre'petee
707 2466 933 2542 decrescentes
957 2468 997 2541 c'n
1015 2469 1202 2565 dupluuta
1228 2470 1371 2543 ratunc
1384 2469 1650 2542 distantiarum
1675 2493 1700 2540 a
1716 2466 1890 2563 punctis:

483 2599 561 2673 duo
588 2600 689 2697 qued
711 2604 963 2697 corpusculum
993 2602 1097 2676 intra
1126 2603 1307 2699 splcceram
1341 2604 1576 2677 coustitutum
1609 2599 1821 2674 attrahitur
1853 2597 1894 2668 ui

475 2735 755 2830 proportccnalz'
767 2736 954 2810 destante'ce
968 2762 1044 2811 succ
1058 2739 1103 2812 ab
1120 2739 1236 2835 ipsius
1250 2748 1380 2813 emero.

505 2945 549 3019 ln
567 2945 714 3043 sphaera
730 2946 772 3020 Α
780 2947 861 3022 BC
860 2949 913 3039 D,
933 2964 1061 3024 centro
1078 2951 1113 3024 S
1123 2951 1318 3048 descripta,

434 3058 575 3137 locetur
599 3061 856 3159 corpusculum
881 3063 921 3136 P
928 3095 944 3150 ;
971 3066 1007 3139 8c
1032 3084 1159 3143 centro
1185 3069 1318 3142 eodem

434 3178 475 3265 S,
495 3175 689 3253 intervallo
707 3180 742 3252 S
748 3181 797 3278 P,
815 3181 967 3278 concipe
988 3183 1173 3278 sphaeram
1194 3184 1317 3259 interi-

434 3320 538 3370 orem
559 3294 648 3367 PE
658 3295 746 3384 QF
765 3295 932 3371 describi.
989 3298 1230 3374 Manifestum
1251 3317 1318 3390 est,

436 3408 519 3508 (per
535 3434 637 3506 prop.
658 3410 751 3510 Lxx)
767 3412 868 3508 quod
890 3413 1081 3509 sphaericae
1106 3417 1319 3513 superficies

434 3527 686 3612 concentricae‚
714 3552 762 3600 ex
793 3528 926 3624 quibus
956 3529 1184 3625 sphaerarum
1215 3532 1318 3607 diffe-
1352 3513 1379 3563 Α

434 3642 553 3717 rentia
577 3645 619 3715 A
626 3642 755 3716 EBF
774 3645 1015 3742 componitur,
1041 3650 1320 3725 attractionibus

433 3758 511 3831 suis
537 3782 605 3855 per
629 3760 865 3834 attractiones
891 3765 1091 3838 contrarias
1114 3767 1319 3855 destructis,

435 3871 486 3948 nil
512 3888 630 3972 agunt
670 3875 707 3947 in
734 3900 869 3973 corpus
886 3879 933 3952 P.
990 3879 1123 3955 Restat
1156 3881 1236 3957 sola
1266 3899 1319 3957 at·

435 3989 567 4064 tractio
602 3989 759 4087 sphaerae
794 3992 976 4069 interioris
1010 3997 1100 4070 PE
1111 3998 1200 4087 QF.
1270 4001 1322 4075 Et

437 4104 520 4203 (per
543 4130 648 4203 prop.
669 4106 791 4206 Lxxu)
814 4108 896 4184 haec
918 4127 976 4186 est
992 4127 1034 4186 ut
1054 4113 1230 4192 distantia
1250 4119 1339 4198 PS.
1394 4124 1438 4215 Q.
1452 4126 1500 4203 E.
1512 4127 1563 4202 D.

1067 4379 1266 4459 Schelc'um.
1298 4337 1299 4340 Ἴ

423 4601 425 4605 -
505 4546 740 4645 Superficies,
773 4577 821 4625 ex
851 4555 987 4651 quibus
1017 4558 1137 4634 solida
1170 4584 1451 4662 componuntur,
1482 4569 1542 4643 hic
1576 4593 1650 4644 non
1685 4584 1772 4643 sunt
1806 4595 1898 4666 pure

438 4663 718 4754 mathematicae‚
755 4670 823 4743 sed
857 4673 967 4747 orbes
1002 4674 1098 4750 adeo
1133 4692 1273 4768 tenues,
1310 4697 1352 4756 ut
1385 4709 1513 4759 eorum
1544 4686 1749 4760 crassitudo
1784 4687 1899 4761 instar
