4088 5768
851 433 994 492 LIBER
1013 434 1197 498 PRIMUS.

301 641 413 720 petuo
432 625 555 699 radius
573 623 633 699 ille
655 628 689 700 C
689 627 727 698 P
744 625 804 700 vel
825 628 898 700 CD
916 627 952 700 &
969 627 1097 726 anguli

300 768 383 815 crus
407 744 488 829 BC,
512 743 549 816 81
575 745 688 817 cruris
714 742 863 816 alterius
889 744 990 816 BH
1011 770 1096 819 con·
1176 830 1179 841 Ι

300 884 426 932 cursus
448 885 532 932 cum
563 860 668 934 radio
697 860 898 936 delineabit
929 863 1098 961 trajecto-

299 977 390 1048 riam
409 977 615 1072 quaesitam.

351 1094 451 1166 Nam
478 1095 508 1167 si
537 1095 572 1167 in
600 1095 933 1169 constructionibus
951 1097 1097 1192 proble-

298 1211 406 1283 matis
420 1211 619 1306 superioris
633 1212 786 1285 accedat
798 1230 976 1309 punctum
992 1215 1032 1286 A
1049 1215 1097 1286 ad

297 1343 475 1423 punctum
501 1329 548 1414 B,
567 1327 675 1402 lineae
706 1328 786 1403 CA
811 1329 848 1402 81
868 1331 947 1403 CB
964 1332 1098 1404 coinci-
1151 1391 1154 1398 .

297 1446 397 1531 dent,
417 1446 453 1519 &
474 1444 571 1519 linea
597 1447 637 1518 A
654 1447 693 1518 B
720 1446 755 1519 in
782 1444 912 1520 ultimo
936 1473 1006 1521 suo
1026 1449 1098 1522 situ

298 1562 363 1635 fiet
379 1579 537 1662 tangens
548 1565 643 1636 BH
642 1595 657 1650 ,·
681 1579 795 1660 atque
813 1562 897 1637 ideo
911 1579 1098 1638 construc-

297 1680 416 1754 tiones
442 1681 491 1754 ibi
517 1682 649 1778 positae
667 1680 829 1754 evadent
846 1682 990 1755 eaedem
1016 1709 1099 1755 cum

296 1798 630 1871 constructionibus
660 1798 719 1871 hic
748 1798 951 1895 descriptis.
1021 1801 1123 1874 De-‘

295 1914 448 1989 lineabit
482 1916 594 2014 igitur
626 1915 741 1988 cruris
772 1917 872 1988 BH
899 1942 1099 1990 concursus

297 2057 381 2104 cum
423 2033 528 2107 radio
574 2033 776 2107 sectionem
824 2032 988 2105 conicam
1033 2058 1101 2129 per
1143 2081 1171 2130 Ν

296 2164 434 2243 puncta
453 2149 492 2236 C,
507 2151 557 2236 D,
572 2151 610 2222 P
627 2165 888 2234 transeuntem,
909 2149 945 2222 &
963 2166 1099 2223 rectam

296 2267 392 2338 BH
404 2283 619 2365 tangentem
639 2268 675 2340 in
693 2281 831 2363 puncto
851 2266 897 2340 B.
941 2267 985 2357 Q.
994 2268 1095 2341 EF.

365 2383 445 2457 Cas.
468 2409 499 2458 2.
540 2384 688 2457 Dentur
721 2399 857 2481 puncta
886 2397 1045 2479 quatuor
1073 2384 1120 2470 B,
1160 2382 1199 2468 C,
1235 2382 1286 2470 D,
1321 2383 1360 2454 P
1394 2398 1499 2455 extra
1534 2397 1749 2479 tangentem

294 2499 381 2572 HI
402 2502 481 2574 sita.
534 2501 658 2599 Junge
684 2501 771 2575 bina
796 2499 901 2574 lineis
927 2502 966 2572 B
978 2502 1029 2587 l),
1052 2501 1086 2576 C
1091 2502 1131 2573 P
1153 2500 1454 2574 concurrentibus
1473 2500 1508 2572 in
1531 2499 1574 2587 G,
1594 2516 1747 2597 tangen-

294 2616 397 2713 tique
427 2618 701 2691 occurrentibus
733 2618 768 2691 in
800 2618 852 2689 H
877 2617 975 2692 &L
1028 2618 1184 2694 Secetur
1213 2632 1371 2715 tangens
1401 2617 1438 2689 in
1469 2616 1522 2703 A,
1552 2617 1673 2689 itaut
1702 2617 1750 2690 sit

294 2733 392 2806 HA
420 2734 468 2806 ad
491 2734 521 2805 Ι
527 2735 581 2822 Α,
605 2750 646 2807 ut
671 2750 729 2808 est
754 2733 1007 2833 rectangulum
1028 2737 1098 2811 sub
1119 2735 1242 2809 media
1262 2733 1525 2832 proportionali
1548 2734 1642 2808 inter
1667 2736 1702 2808 C
1714 2735 1750 2809 G

296 2850 333 2923 82
363 2851 447 2923 GP
476 2852 513 2925 81
543 2852 665 2926 media
689 2850 953 2948 proportionali
981 2854 1075 2927 inter
1099 2855 1201 2928 BH
1223 2854 1260 2927 81
1286 2854 1393 2939 HD,
1420 2852 1468 2924 ad
1495 2851 1749 2950 rectangulum

292 2969 364 3041 sub
392 2970 515 3043 media
544 2969 807 3068 proportionali
839 2971 934 3044 inter
959 2972 1050 3045 DG
1080 2971 1117 3045 81
1149 2974 1186 3047 G
1201 2975 1240 3045 B
1266 2970 1303 3044 81
1332 2971 1455 3044 media
1484 2970 1748 3068 proportionali

295 3086 392 3160 inter
425 3088 500 3159 Pl
533 3087 569 3160 &
597 3088 692 3175 IC,·
726 3086 763 3160 81
793 3088 864 3161 erit
893 3086 933 3158 A

294 3219 474 3300 punctum
504 3219 704 3279 contactus.
775 3205 876 3276 Nam
907 3203 937 3275 si
981 3241 1007 3285 a

296 3337 408 3394 rectae
425 3323 496 3394 Pl
509 3321 682 3418 parallela
696 3323 791 3395 HX
809 3322 936 3418 trajec-

294 3439 427 3512 toriam
445 3455 546 3512 secet
564 3440 600 3512 in
625 3440 771 3536 punctis
789 3438 937 3534 quibus-

293 3556 353 3629 vis
378 3557 424 3628 X
450 3557 487 3629 &
518 3557 577 3632 Y:
603 3556 672 3630 erit
697 3556 759 3655 (ex
786 3554 935 3652 conicis)

294 3688 471 3768 punctum
502 3675 543 3746 A
578 3675 629 3747 ita
658 3672 865 3762 locandum,
897 3689 938 3745 ut

293 3788 404 3863 luerit
421 3791 519 3862 HA
540 3790 646 3888 quad.
665 3790 712 3862 ad
730 3791 770 3862 A
784 3790 814 3861 l
826 3789 933 3887 quucz'.

294 3906 331 3978 in
351 3906 492 3981 ratione
510 3907 714 4002 composita
731 3932 778 3980 ex
797 3907 938 3980 ratione

294 4022 498 4122 rectanguli
536 4025 581 4096 X
581 4025 632 4097 H
634 4025 673 4096 V
709 4025 757 4097 ad
794 4041 936 4098 rectan-

294 4139 426 4239 gulum
454 4140 494 4212 B
503 4141 555 4212 H
559 4142 610 4226 B,
638 4165 703 4214 seu
735 4139 937 4238 rectanguli

295 4256 332 4330 C
341 4256 378 4331 G
388 4258 426 4329 P
448 4256 496 4329 ad
516 4256 769 4355 rectangulum
787 4258 829 4328 D
843 4258 879 4330 G
888 4258 936 4343 B,

291 4371 329 4445 8ι
347 4397 395 4445 ex
413 4373 554 4447 ratione
572 4372 773 4472 rectanguli
791 4374 891 4446 BH
896 4376 939 4447 l)

289 4489 338 4562 ad
357 4488 611 4588 rectangulum
637 4492 714 4564 Pl
724 4493 763 4566 C.
820 4491 980 4565 Invento
1006 4504 1129 4562 autem
1156 4503 1347 4561 contactus
1374 4501 1512 4582 puncto
1537 4487 1591 4574 A,
1610 4487 1744 4560 descri-

288 4608 399 4681 betur
420 4607 627 4705 trajectoria
645 4623 686 4680 ut
704 4608 740 4681 in
758 4633 844 4680 casu
862 4609 991 4704 primo.
1046 4606 1091 4696 Q.
1105 4607 1152 4678 E.
1165 4607 1210 4678 F.

357 4724 452 4820 Capi
478 4740 603 4798 autem
629 4740 754 4821 potest
770 4740 947 4820 punctum
963 4725 1005 4798 A
1026 4721 1086 4796 vel
1105 4723 1200 4796 inter
1216 4736 1352 4819 puncta
1370 4722 1421 4793 H
1434 4721 1520 4809 811,
1540 4721 1599 4796 vel
1618 4737 1744 4799 extra:

289 4841 325 4914 81
344 4840 499 4936 perinde
517 4841 724 4938 trajectoria
741 4839 935 4937 dupliciter
952 4841 1118 4915 describi.
