4088 5768
680 388 822 447 arasa
847 387 1048 448 rannus
1524 405 1595 476 509

136 602 295 674 vapores
327 578 363 651 81
393 579 647 656 exhalationes
681 585 876 681 omnisque
905 583 1059 657 materia
1088 579 1247 655 volatilis
1275 580 1400 653 statim
1431 581 1597 654 consumi

134 720 178 767 ac
196 696 368 792 dissipari
386 697 610 774 debuissent.

202 812 359 886 Cometa
377 815 488 912 igitur
506 816 540 888 in
560 816 737 913 perihelio
764 844 833 892 suo
857 816 1016 892 calorem
1044 817 1265 890 immensum
1287 816 1335 889 ad
1361 814 1480 890 solem
1508 841 1594 888 con-

134 931 242 1026 cepit,
263 930 299 1004 &
326 931 484 1006 calorem
515 933 615 1007 illum
643 934 849 1008 diutissime
880 960 1100 1008 conservare
1122 950 1260 1030 potest.
1328 933 1428 1006 Nam
1456 931 1590 1031 globus

135 1048 220 1121 serri
259 1049 450 1123 candentis
486 1052 643 1150 digitum
678 1077 792 1123 unum
829 1051 924 1125 latus
959 1050 1118 1152 calorem
1150 1078 1258 1124 suum
1289 1077 1438 1125 omnem
1469 1051 1591 1146 spatio

136 1166 237 1239 horae
264 1167 371 1238 unius
399 1167 435 1238 in
466 1180 552 1241 ae're
578 1169 784 1241 consistens
810 1170 874 1241 vix
904 1170 1099 1242 amitteret
1153 1169 1298 1244 Globus
1325 1184 1449 1241 autem
1479 1169 1598 1265 major

137 1280 296 1354 calorem
339 1282 477 1355 diutius
521 1301 758 1358 conservaret
792 1286 829 1357 in
865 1286 1007 1359 ratione
1042 1286 1222 1376 diametri,
1259 1301 1456 1383 propterea
1492 1284 1593 1381 quod

137 1398 350 1495 superficies
371 1399 433 1496 (ad
452 1401 555 1497 cujus
573 1425 784 1475 mensuram
803 1427 870 1497 per
887 1418 1097 1476 contactum
1116 1405 1211 1476 aeris
1230 1404 1426 1477 ambientis
1445 1401 1595 1498 refrige-

140 1519 253 1615 ratur)
275 1519 311 1590 in
341 1517 402 1590 illa
430 1519 571 1592 ratione
600 1520 721 1592 minor
748 1536 806 1591 est
835 1546 903 1615 pro
930 1522 1138 1616 quantitate
1170 1523 1332 1595 materiae
1361 1546 1438 1593 sua:
1467 1519 1596 1593 calidae

141 1633 301 1707 inclusae.
359 1635 525 1732 Ideoque
550 1633 684 1733 globus
710 1634 794 1708 ferri
822 1635 1012 1709 candentis
1039 1636 1124 1709 huic
1150 1652 1257 1710 terra:
1284 1636 1446 1733 aequalis,
1467 1637 1503 1709 id
1526 1652 1592 1722 est,

142 1751 258 1846 pedes
286 1749 369 1847 plus
400 1752 521 1824 minus
551 1777 752 1844 4ooooooo
769 1752 888 1843 latus,
916 1753 1047 1825 diebus
1076 1753 1230 1826 totidem
1260 1752 1296 1826 &
1327 1753 1463 1826 idcirco
1490 1754 1597 1826 annis

146 1892 277 1962 50000,
306 1869 370 1940 vix
398 1869 661 1968 refrigesceret.
716 1872 894 1968 Suspicor
919 1887 1044 1945 tamen
1071 1870 1172 1967 quod
1203 1870 1349 1944 duratio
1374 1868 1515 1956 caloris,
1546 1871 1595 1944 ob

144 2011 274 2061 causas
304 1983 470 2074 latentes
498 2005 679 2087 augeatur
706 1990 741 2063 in
771 1991 912 2064 minore
943 1989 1084 2062 ratione
1113 2012 1225 2084 quam
1256 2012 1301 2060 ea
1328 1987 1524 2060 diametri:
1565 1985 1602 2059 81

144 2103 303 2201 optarim
322 2105 502 2178 rationem
521 2132 648 2179 veram
667 2132 733 2202 per
750 2108 1004 2204 experimenta
1023 2104 1248 2203 investigari.

214 2222 329 2296 Porro
347 2223 550 2295 notandum
569 2239 627 2296 est
644 2226 745 2322 quod
774 2240 919 2299 cometa
945 2249 1073 2296 mense
1098 2222 1295 2308 Decembri,
1315 2221 1378 2294 ubi
1404 2220 1452 2294 ad
1479 2219 1596 2295 solem

145 2340 258 2414 modo
288 2337 495 2426 incaluerat,
515 2341 671 2415 caudam
697 2343 890 2416 emittebat
915 2341 1027 2439 longe
1054 2338 1285 2438 majorem&
1308 2337 1598 2435 splendidiorem

146 2482 258 2553 quam
276 2471 386 2530 antea
403 2483 532 2530 mense
550 2458 763 2546 Novembri,
782 2460 845 2532 ubi
871 2457 1089 2556 perihelium
1116 2456 1281 2530 nondum
1307 2456 1490 2554 attigerat.
1548 2454 1601 2528 Et

145 2571 401 2647 universaliter
430 2564 558 2648 caudae
588 2601 718 2649 omnes
749 2577 921 2650 maximae
939 2576 976 2649 81
993 2574 1273 2674 fulgentissimae
1300 2599 1322 2647 e
1348 2573 1501 2648 cometis
1528 2572 1599 2645 ori-

147 2688 259 2763 untur
288 2691 412 2763 statim
443 2708 529 2788 post
558 2695 752 2768 transitum
783 2721 911 2769 eorum
940 2719 1007 2789 per
1036 2694 1226 2791 regionem
1256 2690 1354 2766 solis.
1415 2690 1601 2765 Conducit

148 2807 260 2904 igitur
277 2806 465 2882 calefactio
482 2826 637 2883 cometae
656 2812 703 2884 ad
731 2812 1024 2910 magnitudinem
1051 2810 1189 2883 caudae.
1246 2809 1299 2883 Et
1324 2808 1411 2882 inde
1429 2806 1603 2904 colligere

149 2926 281 2999 videor
309 2926 410 3021 quod
439 2927 556 3000 cauda
586 2927 674 3001 nihil
702 2927 801 3001 aliud
833 2930 882 3002 sit
916 2954 1028 3024 quam
1059 2953 1178 3023 vapor
1206 2926 1319 3025 longe
1355 2926 1601 3011 tenuissimus,

150 3068 261 3139 quem
280 3059 390 3139 caput
407 3069 473 3116 seu
492 3043 644 3118 nucleus
662 3062 818 3119 cometae
835 3071 903 3143 per
920 3043 1079 3119 calorem
1098 3071 1207 3118 suum
1226 3045 1370 3118 emittit.

218 3161 404 3234 Caeterum
431 3162 480 3235 de
506 3178 731 3237 cometarum
758 3164 884 3236 caudis
911 3162 1045 3259 triplex
1072 3179 1130 3237 est
1156 3163 1302 3258 opini0;
1330 3187 1393 3234 eas
1411 3158 1471 3233 vel
1493 3159 1606 3257 jubar

148 3304 232 3353 esse
266 3278 353 3354 solis
388 3306 455 3376 per
485 3279 707 3354 translucida
742 3296 968 3354 cometarum
1000 3282 1121 3377 capita
1146 3294 1402 3376 propagatum,
1432 3275 1491 3348 vel
1520 3275 1605 3348 oriri

148 3424 196 3472 ex
219 3399 436 3473 refractione
458 3397 549 3471 lucis
576 3399 613 3471 in
639 3423 838 3495 progressu
870 3399 984 3494 ipsius
1011 3425 1033 3471 a
1061 3398 1180 3493 capite
1205 3410 1360 3468 cometae
1388 3394 1424 3465 in
1456 3406 1604 3477 terram,

148 3513 209 3587 vel
227 3515 389 3612 denique
407 3516 543 3588 nubem
562 3540 644 3587 esse
662 3538 727 3585 seu
746 3538 923 3608 vaporem
942 3539 964 3585 a
982 3514 1102 3608 capite
1128 3527 1283 3586 cometae
1296 3511 1436 3608 jugiter
1453 3534 1605 3606 surgen-

151 3648 227 3704 tem
247 3632 283 3704 &
300 3632 499 3704 abeuntem
525 3632 560 3703 in
583 3646 706 3726 partes
730 3653 753 3699 a
774 3627 852 3701 sole
878 3654 1037 3701 aversas,
1092 3627 1232 3722 Opinio
1257 3626 1376 3720 prima
1403 3650 1530 3698 eorum
1550 3643 1608 3697 est

153 3749 216 3844 qui
234 3748 400 3820 nondum
419 3748 548 3821 imbuti
567 3761 654 3818 sunt
677 3745 830 3817 scientia
856 3770 977 3818 rerum
1004 3746 1219 3841 opticarum.
1277 3742 1377 3814 Nam
1391 3742 1502 3839 jubar
1520 3740 1607 3816 solis

154 3866 190 3939 in
222 3863 389 3938 cubiculo
419 3865 617 3938 tenebroso
647 3886 721 3936 non
752 3863 921 3948 cernitur,
953 3863 1022 3935 nisi
1052 3878 1234 3960 quatenus
1265 3858 1329 3932 lux
1357 3860 1556 3933 reflectitur
1586 3885 1608 3932 e

156 3980 350 4079 pulverum
386 3981 422 4054 81
453 3982 637 4055 fumorum
667 3979 854 4076 particulis
896 4005 965 4076 per
1004 3992 1128 4053 ae'rem
1163 4003 1312 4074 semper
1345 3976 1609 4051 volitantibus:

156 4100 314 4194 ideoque
334 4099 369 4170 in
394 4111 479 4171 aere
497 4098 607 4171 fumis
625 4093 863 4170 crassioribus
892 4096 1027 4170 infecto
1055 4095 1285 4193 splendidius
1311 4111 1369 4169 est
1396 4095 1432 4168 82
1460 4120 1611 4169 sensum

156 4215 285 4288 fortius
303 4214 406 4303 serit;
435 4215 471 4287 in
493 4227 578 4289 ae're
602 4213 753 4288 clariore
778 4214 924 4287 tenuius
951 4230 1008 4287 est
1034 4213 1071 4287 81
1094 4215 1230 4312 aegrius
1254 4213 1434 4286 sentitur:
1473 4213 1508 4285 in
1538 4237 1611 4284 coe·

156 4330 200 4403 lis
218 4339 342 4403 autem
361 4331 440 4405 sine
459 4333 611 4407 materia
630 4332 841 4405 reflectente
869 4329 1008 4403 nullum
1037 4357 1120 4404 esse
1146 4344 1278 4426 potest.
1335 4329 1419 4401 Lux
1444 4353 1517 4401 non
1536 4353 1613 4400 cer-

159 4449 257 4521 nitur
274 4464 457 4544 quatenus
476 4451 512 4523 in
533 4450 666 4547 jubare
684 4464 750 4534 est,
770 4448 837 4521 sed
864 4449 1047 4543 quatenus
1074 4448 1161 4520 inde
1192 4446 1390 4520 reflectitur
1415 4446 1463 4518 ad
1487 4443 1615 4518 oculos

160 4581 313 4640 nostros.
370 4564 470 4639 Nam
489 4567 583 4640 visio
602 4590 675 4638 non
695 4565 736 4638 fit
762 4564 831 4636 nisi
850 4589 918 4659 per
944 4563 1065 4637 radios
1096 4564 1159 4661 qui
1187 4565 1223 4636 in
1250 4562 1375 4638 oculos
1394 4563 1613 4659 impingunt.

163 4683 378 4779 Requiritur
418 4682 529 4781 igitur
563 4682 717 4755 materia
750 4681 874 4778 aliqua
908 4679 1101 4755 reflectens
1140 4682 1176 4754 in
1213 4680 1364 4779 regione
1399 4679 1537 4765 caudae,
1570 4703 1617 4751 ne
