4088 5768
856 376 997 437 LIBER
1017 380 1200 440 PRIMUS.
1233 410 1235 413 -
1712 407 1752 476 51

939 596 957 644 2
971 574 1065 645 PM
1068 575 1141 646 cub.
1158 598 1183 646 x
1197 574 1266 646 SP
1274 576 1382 670 quael.

1061 698 1095 770 C
1101 699 1140 772 P
1154 698 1261 795 quad.

946 846 960 946 )
980 858 1166 954 reciproce
1183 872 1225 931 ut
1241 860 1347 933 PM
1356 861 1429 932 cub.
1485 859 1529 949 Q.
1541 859 1638 932 ΕΙ.

301 629 366 728 vr.)
386 630 442 702 vis
460 629 665 725 centripeta
678 630 862 727 reciproce
882 647 923 704 ut
1387 634 1479 720 ,hoc
1498 648 1555 708 est
1574 634 1758 735 (neglecta

726 820 745 868 2
758 796 827 867 SP
834 796 940 892 quad.

771 922 810 992 P
925 981 932 994 .

367 1037 474 1113 Idem
490 1036 597 1112 facile
614 922 797 1137 colligitcur
813 921 929 1113 eqtiirani
942 1064 990 1115 ex
1007 1039 1260 1135 propositione
1277 1040 1519 1136 praecedente
1605 1144 1606 1147 Ἴ
1689 1120 1690 1123 ¹
1767 1008 1796 1080 ¹·

300 856 441 932 ratione
462 855 707 930 determinata

928 1235 1123 1311 Scholium.

365 1386 417 1459 Et
434 1401 654 1484 argumento
671 1386 770 1460 haud
788 1384 944 1461 multum
970 1385 1137 1460 dissimili
1163 1412 1296 1484 corpus
1323 1389 1531 1463 invenietur
1555 1392 1696 1465 moveri
1719 1393 1756 1464 in

297 1503 424 1601 ellipsi‚
452 1503 513 1578 vel
543 1505 656 1578 etiam
687 1504 724 1576 in
754 1503 958 1601 hyperbola
988 1504 1048 1578 vel
1078 1505 1263 1603 parabola,
1290 1506 1328 1579 vi
1356 1507 1567 1603 centripeta‚
1596 1534 1681 1605 quae
1706 1510 1755 1582 sit

298 1623 483 1719 reciproce
509 1635 551 1695 ut
575 1621 691 1694 cubus
716 1621 915 1695 ordinatim
940 1621 1134 1719 applicatae
1159 1623 1208 1696 ad
1235 1637 1402 1698 centrum
1428 1624 1564 1697 virium
1593 1607 1755 1699 maxime

297 1737 540 1838 longinquum
558 1737 756 1814 tendentis.
862 1725 864 1728 Α

529 2014 903 2090 PROPOSITIO
936 2015 1017 2088 IX.
1075 2015 1413 2090 PROBLEMA
1449 2018 1524 2091 IV.

303 2195 469 2292 Gyretur
482 2205 611 2294 corpus
623 2196 664 2269 in
675 2195 813 2291 spirali
826 2194 931 2288 PQS
946 2205 1083 2270 secante
1092 2197 1216 2271 radios
1227 2222 1346 2271 omncs
1358 2195 1385 2271 S
1395 2197 1434 2284 P,
1447 2194 1532 2290 ΒΩ,
1547 2199 1621 2276 &a
1636 2197 1678 2269 in
1688 2223 1753 2270 an-

334 2313 426 2408 gulo
437 2312 539 2388 dala:
555 2312 766 2412 requiritur
776 2313 834 2386 lor
844 2313 900 2387 vis
910 2314 1112 2410 centrrpeloe
1122 2314 1299 2389 tendentis
1310 2312 1364 2386 ad
1370 2322 1535 2388 centrum
1549 2313 1710 2409 spirulas.

367 2491 488 2582 Detur
516 2490 674 2593 angulus
705 2492 894 2568 indefinite
919 2518 1056 2591 parvus
1085 2493 1168 2566 PS
1177 2492 1222 2583 Q,
1250 2492 1287 2567 dr
1312 2493 1361 2567 ob
1391 2492 1500 2567 datos
1529 2518 1660 2567 omnes
1689 2518 1752 2566 an·

357 3363 381 3408 v
534 3428 538 3435 .

293 3562 401 3664 gulos
422 3565 571 3639 dabitur
589 3566 714 3662 specie
736 3565 854 3664 figura
877 3566 1033 3656 SPRQ
1047 3567 1087 3641 T.
1143 3567 1248 3668 Ergo
1269 3569 1378 3643 datur
1395 3571 1488 3644 ratio
1507 3506 1600 3615 Q
1621 3585 1753 3667 estque

1506 3628 1602 3718 QR'

295 3725 509 3942 ρ-Ξ-ᾳῖωἶίὶ
530 3804 572 3863 ut
594 3791 628 3881 Q
648 3791 688 3878 T,
711 3791 782 3864 hoc
805 3803 863 3865 est
885 3788 948 3888 (ob
969 3789 1095 3864 datam
1124 3791 1249 3888 specie
1276 3790 1432 3890 figuram
1456 3790 1569 3890 illam)
1598 3807 1640 3864 ut
1662 3793 1696 3866 S
1703 3795 1750 3867 P.

295 3968 465 4043 Mutetur
484 3969 565 4066 jam
590 3983 778 4064 utcunque
799 3964 956 4067 angulus
975 3968 1014 4038 P
1025 3968 1059 4039 S
1069 3968 1113 4057 Q,
1131 3968 1167 4041 &
1191 3983 1291 4042 recta
1312 3968 1393 4058 QR
1409 3961 1586 4063 angulum
1607 3982 1752 4040 contac-

291 4099 353 4160 tus
372 4085 493 4175 QPR
510 4082 739 4156 subtendens
756 4083 958 4156 mutabitur
985 4081 1066 4182 (per
1085 4082 1222 4158 lemma
1247 4082 1313 4182 xt)
1344 4083 1381 4156 in
1404 4081 1591 4179 duplicata
1612 4082 1755 4157 ratione

291 4264 407 4362 ipsius
423 4265 506 4338 PR
522 4260 582 4337 vel
602 4263 637 4353 Q
650 4263 690 4337 Τ.
752 4263 856 4362 Ergo
882 4264 1047 4339 manebit
1070 4202 1156 4291 ΩΤ
1169 4200 1276 4297 quad'

722 4423 756 4513 Q
775 4424 814 4496 Τ
816 4450 840 4520 q
851 4448 876 4496 κ
890 4424 924 4495 S
930 4426 1001 4521 Pq

820 4547 906 4637 QR

296 4688 325 4739 1.
348 4663 384 4738 81
404 4685 435 4758 5.
453 4690 557 4762 prop.
578 4663 642 4763 vr.)
661 4664 720 4739 uis
738 4663 942 4757 centripeta
959 4678 1016 4736 est
1037 4664 1223 4758 reciproce
1244 4674 1285 4733 ut
1306 4659 1422 4733 cubus
1448 4658 1634 4732 distantiae
1661 4660 1696 4732 S
1703 4660 1751 4733 P.

292 4781 339 4871 Q.
353 4781 448 4855 ΕΙ.

1301 4263 1434 4337 eadem
1450 4288 1535 4360 quae
1552 4263 1663 4360 prius
1682 4264 1754 4338 hoc

1131 4326 1276 4415 QR·

288 4503 348 4563 est
364 4502 406 4562 ut
423 4488 458 4561 S
464 4490 511 4563 P.
567 4486 695 4582 Quare
1026 4501 1084 4561 est
1104 4503 1146 4561 ut
1168 4488 1203 4560 S
1209 4487 1248 4560 P
1273 4485 1347 4560 cub.
1367 4484 1525 4581 ideoque
1545 4482 1627 4583 (per
1643 4483 1751 4561 corol.
