4110 5782
758 471 899 531 arnan
919 471 1103 531 rnnuc‘s
1593 479 1658 566 165

274 664 373 737 Nam
405 666 503 739 vires
535 664 614 751 illae,
643 666 776 763 quibus
803 691 958 762 corpora
983 693 1025 740 se
1052 684 1181 742 mutuo
1208 669 1366 756 trahunt,
1396 669 1586 744 tendendo
1612 671 1660 743 ad

203 807 367 877 corpora,
404 784 562 856 tendunt
604 784 651 856 ad
690 808 887 856 commune
928 785 1122 882 gravitatis
1166 800 1333 860 centrum
1378 786 1637 860 intermedium
1654 815 1662 873 ;

203 897 362 994 ideoque
380 900 522 972 eoedem
541 917 635 985 sunt,
656 927 697 973 ac
716 901 746 972 si
765 927 787 972 a
805 927 958 997 corpore
978 903 1198 976 intermedio
1216 920 1418 977 manarent.
1474 905 1634 994 Q.E.D.

274 1015 325 1087 Et
362 1017 536 1111 quoniam
572 1017 682 1088 datur
712 1019 805 1091 ratio
847 1019 1033 1093 distantiae
1068 1021 1233 1116 corporis
1268 1021 1444 1093 utriusvis
1478 1046 1501 1094 a
1536 1037 1663 1096 centro

203 1129 264 1204 illo
299 1133 484 1205 communi
520 1133 568 1205 ad
612 1134 825 1208 distantiam
861 1135 956 1210 inter
989 1163 1153 1233 corpora,
1189 1139 1338 1212 dabitur
1372 1139 1465 1212 ratio
1500 1139 1662 1236 cujusvis

202 1251 397 1344 potestatis
415 1251 601 1323 distantiae
628 1253 735 1326 unius
762 1254 809 1325 ad
837 1253 994 1327 eandem
1022 1272 1246 1351 potestatem
1273 1255 1460 1328 distantiae
1489 1253 1665 1342 alterius;

202 1381 244 1438 ut
261 1365 297 1438 81
316 1368 409 1440 ratio
426 1369 641 1463 quantitatis
660 1370 833 1466 cujusvis,
853 1395 938 1466 quae
964 1396 1011 1442 ex
1039 1397 1112 1443 una
1138 1372 1367 1446 distantia&
1394 1373 1662 1468 quantitatibus

203 1483 300 1556 datis
343 1500 531 1580 utcunque
573 1486 771 1572 derivatur,
807 1486 855 1559 ad
898 1488 1143 1582 quantitatem
1187 1488 1308 1579 aliam,
1345 1516 1429 1585 quae
1464 1515 1512 1562 ex
1547 1487 1663 1563 altera

203 1602 387 1687 distantia,
408 1601 732 1698 &quantitatibus
759 1604 916 1678 totidem
935 1605 1040 1691 datis
1068 1606 1269 1702 datamque
1289 1605 1386 1679 illam
1405 1605 1661 1679 distantiarum

206 1720 385 1791 rationem
405 1719 453 1791 ad
480 1721 626 1815 priores
648 1721 870 1795 habentibus
897 1722 1064 1796 similiter
1089 1724 1287 1798 derivatur.
1358 1721 1518 1795 Proinde
1544 1722 1575 1795 si
1593 1723 1661 1807 vis,

202 1863 276 1932 qua
311 1863 444 1933 corpus
480 1864 593 1911 unum
628 1838 675 1910 ab
709 1838 825 1914 altero
869 1840 1033 1930 trahitur,
1072 1842 1120 1913 sit
1154 1841 1293 1913 directe
1336 1837 1396 1912 vel
1439 1839 1586 1912 inverse
1621 1855 1664 1912 ut

202 1955 377 2028 distantia
411 1982 605 2051 corporum
641 1958 688 2029 ab
724 1957 903 2043 invicem;
947 1955 1007 2030 vel
1042 1973 1084 2030 ut
1119 1955 1295 2053 quaelibet
1330 1956 1439 2054 hujus
1475 1955 1661 2028 distantiae

200 2087 389 2168 potestas;
433 2073 492 2146 vel
528 2074 690 2170 denique
724 2090 765 2146 ut
808 2075 996 2170 quantitas
1032 2074 1175 2170 quaevis
1219 2100 1266 2147 ex
1310 2073 1378 2145 hac
1412 2072 1589 2145 distantia
1625 2070 1661 2144 8t

200 2190 468 2285 quantitatibus
496 2192 592 2263 datis
627 2191 964 2288 quomodocunque
989 2192 1183 2265 derivata:
1223 2190 1293 2264 erit
1322 2189 1454 2263 eadem
1490 2190 1557 2276 vis,
1585 2215 1660 2286 qua

200 2331 334 2403 corpus
353 2307 451 2379 idem
478 2307 527 2379 ad
553 2333 749 2381 commune
774 2309 969 2406 gravitatis
995 2324 1163 2382 centrum
1190 2307 1353 2392 trahitur,
1373 2307 1512 2380 directe
1531 2306 1659 2380 itidem

200 2423 260 2498 vel
288 2425 435 2498 inverse
462 2440 502 2496 ut
528 2425 691 2520 corporis
718 2425 862 2498 attracti
889 2425 1065 2499 distantia
1090 2450 1113 2497 a
1139 2438 1266 2498 centro
1293 2421 1355 2498 illo
1380 2423 1579 2512 communi,
1598 2421 1658 2497 vel

200 2557 242 2614 ut
259 2541 391 2615 eadem
418 2541 603 2614 distantiae
630 2541 740 2639 hujus
765 2556 941 2637 potestas,
963 2538 1023 2614 vel
1050 2540 1212 2636 denique
1238 2555 1279 2612 ut
1305 2538 1492 2635 quantitas
1518 2564 1566 2612 ex
1591 2537 1660 2612 hac

202 2658 377 2732 distantia
396 2657 432 2730 u
449 2657 616 2757 analogis
634 2659 903 2755 quantitatibus
929 2659 1026 2731 datis
1052 2656 1220 2732 similiter
1237 2657 1414 2732 derivata.
1489 2655 1577 2731 Hoc
1602 2672 1661 2730 est

200 2776 257 2849 vis
276 2776 455 2850 trahentis
474 2776 606 2850 eadem
624 2777 693 2850 erit
710 2774 771 2850 lex
789 2790 957 2873 respectu
976 2775 1162 2849 distantiae
1180 2774 1382 2871 utriusque.
1436 2773 1595 2865 Q.E.D.

271 3121 644 3196 PROPOSITIO
694 3120 848 3194 LXII.
923 3116 1259 3192 PROBLEMA
1307 3116 1580 3190 XXXVIII.

203 3321 408 3414 Corporum
443 3320 610 3404 duorum,
645 3345 725 3415 pure
766 3317 908 3391 viribus
940 3316 1122 3414 quadrato
1163 3315 1349 3389 dzstanliae
1380 3339 1456 3388 suoe
1489 3312 1663 3408 reciproce

239 3454 582 3550 proportzbnalibus
610 3479 646 3526 se
674 3461 800 3524 mutuo
830 3450 998 3539 trallunt,
1023 3475 1065 3522 ac
1088 3449 1132 3522 de
1158 3450 1244 3524 locri
1272 3449 1370 3523 datis
1398 3448 1655 3537 demittuntur,

248 3588 491 3661 determinare
512 3597 638 3660 motus,

267 3792 434 3887 Corpora
461 3789 545 3888 (per
570 3789 760 3862 theorema
795 3786 1053 3884 novissimum)
1082 3785 1236 3883 perinde
1266 3784 1523 3868 movebuntur,
1555 3781 1656 3855 acsi

198 3935 221 3980 a
240 3934 394 4005 corpore
412 3908 521 3981 tertio
539 3907 575 3978 in
594 3905 780 3978 communi
806 3904 1001 4003 gravitatis
1027 3918 1156 3976 centro
1183 3900 1383 3975 constituto
1400 3899 1655 3984 traherentur;

200 4025 236 4098 ἃ
271 4042 437 4099 centrum
473 4023 562 4096 illud
607 4024 687 4118 ipso
731 4038 852 4094 motus
890 4021 993 4094 initio
1028 4020 1194 4116 quiescet
1228 4042 1296 4113 per
1329 4015 1574 4112 hypothesim
1619 4013 1656 4086 81

198 4160 395 4240 propterea
423 4142 504 4239 (per
521 4140 646 4236 legum
664 4136 773 4224 corol.
795 4137 833 4233 4)
853 4162 1002 4233 semper
1020 4136 1193 4232 quiescet.
1267 4130 1550 4206 Determinandi
1568 4146 1656 4203 sunt

200 4261 310 4358 igitur
336 4276 457 4332 motus
484 4282 677 4352 corporum
708 4256 789 4353 (per
819 4254 921 4350 prob.
943 4252 1033 4349 xxv)
1062 4249 1216 4348 perinde
1245 4273 1289 4321 ac
1319 4248 1350 4320 si
1381 4273 1404 4320 a
1434 4247 1573 4320 viribus
1604 4246 1652 4319 ad

199 4393 365 4449 centrum
385 4373 472 4447 illud
492 4375 728 4447 tendentibus
747 4386 975 4470 urgerentur,
995 4368 1284 4442 &habebuntur
1308 4381 1432 4440 motus
1457 4388 1653 4461 corporum

199 4518 240 4566 se
258 4510 387 4566 mutuo
405 4491 639 4565 trahentium.
695 4490 738 4580 Q.
754 4490 803 4563 E.
820 4490 854 4562 I.
