4088 5768
855 486 995 545 LIBER
1015 485 1200 545 PRIMUS.
1712 493 1734 560 6
1739 508 1757 580 5

300 677 337 750 in
368 702 453 751 casu
484 677 593 777 hujus
624 677 884 766 corollarii,'·fit
910 681 1148 759 DS÷DH
1168 680 1216 753 ad
1242 682 1346 754 DH
1367 697 1408 754 ut
1433 683 1564 773 4DS
1583 684 1630 756 ad
1653 685 1699 769 L,
1720 684 1757 758 &

298 795 446 868 divisim
462 795 551 868 DS
563 796 611 869 ad
629 797 738 870 ΒΗ
748 812 790 869 ut
806 820 831 888 4
847 797 1017 870 [DS-L
1038 797 1086 869 ad
1112 796 1159 872 L.
1658 803 1660 807 ’

368 913 484 986 Corol.
516 937 548 986 2.
581 913 697 987 Unde
714 913 745 986 si
763 913 873 986 datur
884 914 1047 1010 corporis
1065 912 1242 988 velocitas
1268 914 1305 986 in
1332 914 1470 987 vertice
1495 914 1684 1011 principaii
1702 918 1753 1002 D,

297 1029 506 1103 invenietur
538 1030 658 1104 orbita
692 1030 875 1126 expedite,
907 1031 1088 1126 capiendo
1122 1029 1260 1103 scilicet
1289 1029 1385 1103 latus
1416 1046 1556 1103 rectum
1591 1032 1670 1129 ejus
1704 1032 1752 1104 ad

295 1143 447 1242 duplam
477 1146 691 1219 distantiam
721 1147 816 1232 DS,
839 1147 878 1218 in
907 1145 1093 1242 duplicata
1120 1146 1262 1220 ratione
1288 1145 1493 1220 velocitatis
1519 1146 1628 1245 hujus
1653 1147 1753 1220 datae

295 1261 343 1334 ad
374 1260 608 1336 velocitatem
638 1263 800 1359 corporis
832 1263 868 1336 in
897 1261 1031 1336 circulo
1056 1263 1105 1335 ad
1131 1263 1343 1337 distantiam
1368 1262 1456 1334 DS
1477 1263 1643 1360 gyrantis
1672 1261 1754 1360 (per

296 1375 402 1453 corol.
424 1402 457 1471 3.
477 1403 580 1474 prop.
602 1401 674 1454 xvi.
688 1378 711 1476 ;)
731 1378 817 1452 dein
835 1380 934 1452 DH
945 1379 993 1451 ad
1010 1380 1098 1451 DS
1112 1395 1153 1452 ut
1170 1378 1265 1452 latus
1283 1394 1423 1452 rectum
1441 1379 1489 1451 ad
1507 1380 1751 1454 differentiam

298 1495 394 1568 inter
409 1492 505 1567 latus
524 1511 665 1568 rectum
684 1493 721 1567 &
738 1518 762 1586 4
779 1496 871 1570 DS.

363 1611 480 1685 Corol.
509 1635 539 1704 3.
571 1610 673 1684 Hinc
699 1612 810 1685 etiam
840 1611 872 1684 si
898 1636 1031 1707 corpus
1056 1625 1250 1685 moveatur
1275 1612 1311 1684 in
1338 1611 1501 1685 sectione
1531 1637 1751 1711 quacunque

293 1728 430 1814 conica,
466 1727 503 1801 u
536 1753 584 1802 ex
618 1728 709 1801 orbe
742 1754 811 1802 suo
846 1726 1004 1824 impulsu
1039 1752 1261 1825 quocunque
1294 1729 1532 1817 exturbetur3
1575 1730 1748 1826 cognosci

294 1862 419 1941 potest
435 1846 544 1932 orbis,
564 1846 600 1919 in
619 1871 695 1943 quo
711 1861 842 1942 postea
858 1871 1005 1919 cursum
1023 1872 1131 1919 suum
1148 1861 1310 1945 peraget
1366 1844 1467 1917 Nam
1493 1846 1752 1940 componendo

295 1962 485 2058 proprium
519 1964 682 2058 corporis
718 1978 859 2037 motum
893 1989 977 2037 cum
1014 1978 1122 2037 motu
1166 1962 1237 2048 illo,
1273 1986 1385 2058 quem
1429 1959 1606 2056 impulsus
1649 1961 1749 2036 solus

293 2094 498 2177 generaret,
530 2077 726 2153 habebitur
755 2095 878 2152 motus
908 2105 1067 2176 quocum
1098 2104 1230 2175 corpus
1260 2079 1309 2150 de
1334 2077 1423 2151 dato
1449 2077 1628 2175 impulsus
1657 2078 1748 2168 loco,

299 2194 504 2268 secundum
523 2210 661 2269 rectam
679 2195 861 2292 positione
879 2196 1014 2282 datam,
1034 2196 1156 2271 exibit

365 2310 481 2383 carol.
502 2334 534 2403 4
557 2311 609 2384 Et
626 2311 656 2383 si
675 2337 807 2407 corpus
827 2311 915 2385 illud
933 2312 970 2385 vi
988 2310 1112 2408 aliqua
1129 2311 1356 2384 extrinsecus
1378 2309 1557 2403 impressa
1574 2312 1750 2385 continuo

295 2427 540 2523 perturbetur,
566 2428 770 2502 innotescet
794 2453 922 2502 cursus
952 2454 1065 2526 quam
1091 2427 1267 2525 proxime,
1295 2423 1502 2522 colligendo
1528 2427 1750 2502 mutationes

296 2568 392 2639 quas
426 2544 483 2616 vis
515 2542 575 2617 illa
610 2544 647 2617 in
683 2545 828 2640 punctis
863 2546 1084 2641 quibusdam
1119 2543 1267 2629 inducit,
1295 2541 1332 2615 u
1366 2567 1414 2616 ex
1448 2542 1553 2616 seriei
1580 2543 1750 2643 analogia

295 2660 520 2733 mutationes
537 2659 730 2733 continuas
749 2661 785 2732 in
802 2658 892 2734 locis
910 2661 1136 2736 intermediis
1153 2657 1381 2734 aestimando,

923 2938 1117 3012 Scholz'um.

363 3131 405 3205 Si
431 3157 564 3228 corpus
594 3133 633 3205 P
662 3132 700 3206 vi
726 3133 930 3228 centripeta
954 3134 1003 3206 ad

293 3263 472 3344 punctum
512 3249 759 3347 quodcunque
802 3248 930 3322 datum
964 3250 1005 3322 R

292 3366 471 3441 tendente
510 3380 704 3441 moveatur
734 3365 771 3439 in
805 3367 1005 3461 perimetro

292 3485 393 3558 datae
427 3485 681 3582 cujuscunque
706 3484 878 3557 sectionis
904 3484 1002 3557 coni-

292 3625 357 3686 cae,
376 3601 479 3699 cujus
497 3617 664 3674 centrum
682 3600 731 3673 sit
751 3600 785 3673 C
791 3631 806 3685 ,·
830 3599 867 3673 &
884 3601 1003 3697 requi-

292 3731 394 3789 ratur
414 3714 475 3790 lex
501 3717 559 3791 vis
585 3717 825 3812 centripetae:
851 3717 1007 3790 ducatur

294 3831 330 3905 C
340 3832 377 3905 G
402 3833 507 3908 radio
532 3833 620 3907 RP
641 3833 823 3930 parallela,
844 3834 881 3908 u
906 3835 1005 3909 orbis

292 3949 463 4047 tangenti
489 3950 577 4023 PG
601 3974 796 4025 occurrens
823 3952 859 4023 in
887 3950 946 4035 G,·
970 3949 1007 4025 8ι

290 4065 351 4138 vis
370 4063 432 4139 illa
452 4063 535 4164 (per
551 4063 659 4141 corol.
681 4091 709 4141 1.
725 4066 762 4140 u
775 4065 885 4142 schol.
901 4092 1004 4163 prop.

845 4248 853 4264 ,
970 4183 1005 4255 C
1014 4180 1050 4252 G
1069 4176 1141 4250 cub.

288 4269 326 4322 x.
348 4245 385 4321 8z
402 4247 510 4362 corol.
532 4272 563 4341 3.
584 4273 685 4344 prop.
704 4248 782 4346 vn.)
802 4264 871 4322 ent
893 4261 934 4321 ut
950 4275 1158 4396 W
