4110 5782
743 443 884 501 mann
905 424 1156 502 SECUNDUS.
1609 471 1629 540 3
1633 472 1681 539 49

225 636 352 709 scribit
385 635 546 730 spatium
584 639 716 720 2,8066
751 634 963 731 digitorum,
993 635 1029 707 81
1064 651 1231 730 tempore
1272 636 1303 706 1*
1328 638 1488 732 spatium
1524 648 1680 732 7,44766

225 751 436 849 digitorum,
457 751 678 846 &tempore
698 752 758 843 25'‘
775 777 840 824 seu
859 749 1128 825 oscillationum
1156 773 1203 844 50
1224 753 1384 846 spatium
1409 758 1586 849 186,1915
1606 757 1679 853 dg.

227 868 465 942 Subducatur
481 868 642 962 spatium
675 871 855 959 1,386294
877 868 918 954 F,
937 894 1002 940 seu
1029 891 1160 961 1,9454
1185 869 1256 965 dig.
1277 868 1313 940 de
1340 871 1503 943 manebit
1520 873 1681 967 spatium

231 989 406 1076 184,2461
455 984 527 1080 dag.
574 983 675 1079 quod
718 983 851 1081 globus
894 984 1027 1057 eodem
1072 1001 1239 1079 tempore
1283 984 1319 1056 in
1367 1012 1457 1059 vase
1503 986 1682 1064 latissimo

225 1104 419 1177 describet.
493 1103 555 1176 Ob
589 1103 800 1199 angustiam
831 1103 933 1175 vasis
970 1104 1094 1187 nostri,
1124 1103 1311 1175 minuatur
1344 1103 1414 1175 hoc
1448 1106 1608 1200 spatium
1645 1108 1681 1179 in

226 1221 369 1293 ratione
404 1244 488 1314 quae
524 1221 756 1315 componitur
786 1244 832 1290 ex
867 1218 1125 1314 subduplicata
1160 1219 1302 1291 ratione
1337 1218 1463 1291 orificii
1498 1222 1598 1294 vasis
1633 1222 1681 1294 ad

226 1361 420 1410 excessum
464 1335 572 1433 hujus
615 1335 742 1408 orificii
786 1361 898 1431 supra
940 1334 1207 1409 semicirculum
1252 1336 1454 1407 maximum
1496 1336 1608 1434 globi,
1646 1339 1682 1413 8c

226 1450 382 1546 simplici
414 1451 555 1524 ratione
585 1451 753 1548 ejusdem
788 1450 914 1523 orificii
950 1450 998 1522 ad
1029 1476 1222 1523 excessum
1253 1451 1333 1546 ejus
1361 1476 1473 1546 supra
1507 1453 1682 1528 circulum

227 1573 429 1644 maximum
447 1569 569 1668 globi;
598 1572 634 1644 82
652 1572 848 1644 habebitur
864 1571 1026 1666 spatium
1051 1574 1180 1655 181,86
1199 1570 1409 1667 digitorum,
1429 1574 1530 1667 quod
1548 1574 1682 1672 globus

228 1691 263 1761 in
283 1689 353 1761 hoc
371 1715 461 1761 vase
479 1704 646 1784 tempore
664 1686 932 1762 oscillationum
963 1709 1009 1779 50
1035 1687 1244 1783 describere
1270 1688 1399 1760 debuit
1417 1715 1484 1785 per
1502 1691 1681 1764 theoriam

226 1804 517 1900 quamproxime.
555 1794 556 1798 ¹
592 1803 799 1900 Descripsit
841 1830 932 1878 vero
967 1804 1126 1898 spatium
1168 1807 1233 1875 182
1279 1803 1479 1901 digitorum
1516 1821 1682 1903 tempore

226 1919 496 1995 oscillationum
514 1920 584 2011 49}
602 1920 660 1993 vel
683 1944 729 2013 50
748 1948 814 2017 per
830 1922 1134 2017 experimentum.

293 2039 429 2132 Exper.
454 2059 483 2130 5.
513 2035 624 2110 Globi
652 2054 811 2134 quatuor
836 2038 1001 2133 pondere
1034 2056 1120 2131 1543.
1136 2062 1250 2132 gran.
1272 2037 1308 2108 in
1331 2063 1416 2110 aere
1435 2037 1471 2111 8ι
1491 2038 1558 2116 21}
1568 2064 1679 2135 gran.

227 2157 263 2229 in
299 2180 397 2250 aqua
431 2179 533 2248 saepe
560 2154 712 2226 demissi
743 2154 925 2227 cadebant
952 2169 1118 2248 tempore
1145 2151 1413 2226 oscillationum
1437 2153 1515 2243 28l,
1537 2178 1592 2246 29,
1615 2154 1680 2245 29}

227 2270 263 2343 dt
283 2294 339 2363 30,
360 2269 395 2342 82
417 2294 682 2364 nonnunquam
711 2294 767 2361 31,
788 2294 832 2363 32
863 2269 899 2342 ἃ
927 2293 983 2362 33,
1002 2269 1254 2343 describentes
1280 2268 1512 2342 altitudinem
1541 2271 1680 2366 pedum

228 2386 439 2482 quindecim
459 2384 494 2457 82
513 2385 712 2481 digitorum
731 2386 897 2460 duorum.

297 2503 368 2575 Per
386 2503 565 2575 theoriam
589 2502 722 2574 cadere
748 2501 957 2573 debuerunt
983 2517 1150 2597 tempore
1176 2501 1444 2576 oscillationum
1479 2529 1525 2595 29
1553 2530 1679 2601 quam-

229 2620 406 2715 proxime.

294 2736 431 2830 Expcr.
453 2741 484 2808 6.
516 2732 628 2808 Globi
655 2735 819 2830 quinque
850 2735 1015 2830 pondere
1045 2744 1137 2822 212}
1155 2760 1267 2831 gran.
1304 2736 1339 2808 in
1374 2762 1459 2810 aere
1486 2736 1522 2810 8c
1552 2751 1618 2831 793,
1644 2738 1680 2810 in

228 2877 325 2947 aqua
360 2877 461 2947 saepe
495 2852 647 2924 demissi
678 2852 861 2924 cadebant
888 2867 1054 2946 tempore
1082 2849 1349 2924 oscillationum
1383 2876 1434 2946 15,
1463 2854 1535 2946 15l,
1561 2862 1613 2943 16,
1639 2878 1681 2948 17

228 2966 264 3039 81
314 2971 366 3051 18,
410 2968 662 3041 describentes
705 2968 937 3040 altitudinem
972 2968 1110 3064 pedum
1146 2968 1357 3064 quindecim
1402 2968 1438 3042 8c
1480 2970 1681 3067 digitorum

228 3086 395 3156 duorum.

298 3201 369 3273 Per
395 3200 574 3273 theoriam
601 3201 733 3273 cadere
759 3200 967 3273 debuerunt
994 3215 1161 3295 tempore
1189 3198 1459 3274 oscillationum
1492 3224 1533 3296 15
1553 3230 1680 3300 quam-

227 3316 404 3412 proxime.

293 3435 429 3526 Exper.
453 3453 483 3525 7.
513 3430 625 3505 Globi
645 3448 804 3527 quatuor
829 3431 994 3527 pondere
1024 3450 1116 3528 ²93}
1126 3456 1238 3527 gran.
1261 3432 1297 3503 in
1324 3457 1409 3504 aere
1432 3432 1468 3504 81
1488 3453 1555 3531 353
1565 3461 1678 3530 gran.

228 3551 265 3622 in
302 3575 399 3644 aqua
433 3574 534 3643 saepe
579 3548 730 3621 demissi
772 3547 955 3620 cadebant
997 3563 1164 3642 tempore
1203 3546 1471 3621 oscillationum
1509 3569 1585 3647 294,
1623 3574 1679 3642 30,

231 3684 307 3760 303,
330 3689 386 3756 31,
407 3688 451 3757 32
473 3664 509 3736 &
529 3688 585 3756 33.
605 3664 857 3737 describentes
879 3661 1111 3735 altitudinem
1138 3663 1276 3759 pedum
1296 3664 1506 3760 quindecim
1521 3665 1679 3763 &digiti

229 3781 336 3851 unius
355 3806 438 3852 cum
456 3780 618 3854 semisse.

299 3895 370 3967 Per
396 3894 575 3967 theoriam
604 3894 737 3968 cadere
764 3896 973 3968 debuerunt
1000 3911 1167 3991 tempore
1196 3893 1464 3970 oscillationum
1484 3901 1529 3969 28
1554 3924 1681 3995 quam-

230 4011 407 4106 proxime.

296 4128 457 4200 Causam
485 4126 744 4224 investigando
771 4153 835 4199 cur
859 4125 1065 4225 globorum,
1085 4127 1253 4224 ejusdem
1280 4129 1454 4224 ponderis
1479 4128 1515 4202 8c
1538 4132 1679 4228 magni-

228 4243 374 4327 tudinis
394 4240 506 4338 aliqui
525 4243 631 4315 citius
657 4240 717 4315 alii
745 4243 884 4316 tardius
911 4244 1095 4330 caderent,
1115 4243 1152 4314 in
1179 4242 1273 4315 hanc
1292 4244 1423 4331 incidi;
1450 4245 1551 4341 quod
1568 4245 1680 4342 globi,

229 4361 292 4432 ubi
321 4360 481 4456 primum
509 4358 800 4431 demittebantur
829 4359 865 4432 81
883 4361 1015 4433 cadere
1046 4359 1277 4455 incipiebant,
1309 4358 1517 4433 oscillarent
1547 4362 1682 4435 circum

229 4492 364 4559 centra,
400 4472 514 4547 latere
550 4472 611 4547 illo
645 4475 746 4569 quod
781 4475 876 4549 forte
909 4477 1060 4573 gravius
1095 4490 1194 4549 esset
1229 4475 1387 4570 primum
1422 4476 1681 4563 descendente,

231 4593 267 4666 dt
302 4609 443 4665 motum
479 4589 739 4664 oscillatorium
774 4609 986 4689 generante.
1069 4591 1170 4664 Nam
1208 4616 1275 4685 per
1308 4590 1554 4666 oscillationes
1596 4620 1682 4667 suas

230 4708 364 4807 globus
408 4711 585 4808 majorem
630 4723 771 4780 motum
815 4706 1061 4781 communicat
1094 4732 1212 4803 aquae,
1244 4732 1356 4802 quam
1400 4707 1430 4779 si
1465 4708 1545 4782 sine
1578 4708 1681 4782 oscil-

231 4823 430 4898 lationibus
474 4824 740 4906 descenderet;
792 4822 828 4896 81
868 4823 1172 4896 communicando
1207 4822 1342 4896 amittit
1383 4838 1527 4918 partem
1562 4840 1684 4896 motus
