4088 5768
843 463 985 525 arnan
1005 442 1189 524 paruus.
1678 483 1744 553 143

290 667 468 764 punctum
500 662 535 735 C
540 683 543 688 ·
559 661 597 734 in
624 657 735 756 plano
760 659 898 746 datum,
926 658 1085 754 ideoque
1115 656 1235 741 efficit,
1263 669 1304 728 ut
1331 679 1464 752 corpus
1488 652 1580 728 illud
1609 655 1646 728 in
1677 656 1748 730 hoc

289 783 402 882 plano
433 779 587 877 perinde
614 794 816 863 moveatur,
843 803 887 851 ac
914 777 945 850 si
971 776 1029 849 vis
1056 775 1143 848 ST
1163 772 1360 857 tolleretur,
1381 770 1417 844 8z
1436 796 1577 867 corpus
1605 772 1642 844 vi
1669 772 1748 847 sola

289 903 337 976 T
350 900 388 974 V
408 896 662 972 revolveretur
684 896 779 969 circa
796 909 963 967 centrum
985 893 1019 965 C
1041 893 1077 965 in
1095 890 1216 987 spatio
1233 887 1358 963 libero.
1432 888 1534 961 Data
1558 905 1683 963 autem
1710 892 1747 963 vi

288 1019 494 1114 centripeta
531 1015 569 1087 T
586 1015 624 1087 V
649 1039 723 1110 qua
753 1036 885 1107 corpus
917 1009 952 1100 Q
982 1009 1018 1082 in
1045 1007 1166 1104 spatio
1189 1005 1306 1079 libero
1323 1005 1418 1077 circa
1435 1020 1601 1078 centrum
1619 1006 1747 1080 datum

291 2891 327 2965 C
354 2886 566 2975 revolvitur,
593 2889 704 2962 datur
737 2888 818 2987 (per
847 2913 950 2986 prop.
976 2886 1091 2985 xm)
1121 2903 1200 2961 tum
1227 2887 1434 2985 trajectoria
1459 2886 1607 2978 PQR,
1635 2913 1747 2985 quam

289 3029 426 3104 corpus
456 3007 639 3093 describit,
672 3022 750 3080 tum
785 3004 887 3080 locus
923 3005 967 3096 Q,
999 3003 1036 3076 in
1068 3028 1143 3100 quo
1173 3029 1307 3101 corpus
1341 3005 1389 3078 ad
1424 3004 1552 3078 datum
1587 3007 1747 3103 quodvis

289 3141 440 3222 tempus
457 3126 674 3212 versabitur,
694 3139 772 3197 tum
800 3124 962 3220 denique
987 3119 1165 3196 velocitas
1192 3122 1354 3220 corporis
1383 3122 1420 3196 in
1445 3120 1527 3199 loco
1545 3121 1606 3198 illo
1626 3124 1686 3215 Q,·
1712 3123 1748 3197 81

285 3254 429 3325 'contra
484 3242 528 3333 Q.
542 3243 590 3315 E.
607 3244 641 3315 J.

436 3502 806 3622 PROrOSITIO
848 3502 1035 3576 XLVII.
1108 3500 1464 3574 THEOREMA
1516 3502 1609 3578 XV.

288 3686 418 3760 Posito
433 3685 532 3782 quod
545 3684 600 3756 uis
615 3684 811 3780 ceutrr'peta
818 3682 1113 3781 proportionalis
1128 3683 1180 3756 sit
1193 3682 1381 3779 destantr'u
1395 3683 1555 3778 corporis
1570 3709 1594 3754 a
1610 3694 1750 3770 centro,·

288 3879 291 3888 .
341 3827 493 3915 corpora
511 3817 637 3912 omru'e
652 3817 839 3913 inpleris
854 3818 1123 3914 quibuscunque
1147 3816 1366 3890 revolventur
1386 3816 1582 3890 describent
1600 3818 1745 3913 ellz'pses,
1835 3862 1837 3864 v

342 3953 393 4030 ὣ*
409 3950 646 4024 revolutiones
663 3951 881 4045 temporebus
892 3952 1092 4048 uqualz'bus
1099 3960 1280 4048 peragent
1291 3981 1306 4036 ,·
1330 3975 1477 4047 querque
1500 3961 1693 4024 mouentur
1707 3953 1748 4026 in

341 4085 448 4159 lineis
473 4085 584 4170 rectis,
604 4085 705 4157 ultro
730 4083 889 4180 citroque
911 4082 1154 4170 discurrente,
1172 4085 1343 4181 singulus
1366 4085 1480 4158 eundi
1504 4087 1552 4163 ὅτ
1577 4086 1752 4160 redeundi

331 4220 502 4318 penedos
519 4219 642 4317 iisdem
660 4218 877 4313 temporibus
892 4217 1081 4291 absolvent.

287 4380 289 4386 ⁵
360 4401 472 4487 Nam,
491 4399 674 4473 stantibus
691 4423 776 4495 quae
796 4399 832 4471 in
850 4398 1040 4496 superiore
1056 4397 1318 4496 propositione,
1336 4399 1394 4474 vis
1412 4401 1447 4474 S
1464 4401 1504 4486 V,
1523 4425 1598 4497 qua
1615 4427 1748 4498 corpus

291 4521 326 4612 Q
346 4520 383 4621 in
401 4515 514 4616 plano
532 4516 665 4613 quovis
682 4516 720 4588 P
735 4516 769 4605 Q
783 4517 822 4588 R
849 4514 1045 4590 revolvens
1070 4515 1226 4589 trahitur
1241 4538 1371 4590 versus
1390 4534 1556 4592 centrum
1575 4520 1614 4606 S,
1634 4534 1691 4593 est
1708 4535 1750 4594 ut

289 4635 467 4712 distantia
511 4636 545 4708 S
556 4634 619 4724 Q,·
656 4648 769 4730 atque
805 4633 889 4709 ideo
923 4633 973 4709 ob
1007 4631 1300 4731 proportionales
1344 4636 1434 4708 SV
1464 4636 1500 4710 &
1535 4637 1569 4709 S
1578 4637 1622 4727 Q,
1664 4638 1704 4710 T
1717 4638 1756 4709 V

289 4756 326 4829 81
355 4754 391 4828 C
401 4753 446 4847 Q,
465 4752 523 4851 vis
548 4752 587 4825 T
595 4751 636 4837 V,
655 4776 729 4846 qua
747 4775 880 4846 corpus
898 4750 1054 4843 trahitur
1070 4776 1201 4824 versus
1216 4768 1395 4848 punctum
1416 4754 1451 4827 C
1465 4754 1501 4827 in
1520 4754 1620 4828 orbis
1637 4754 1750 4852 plano

289 4872 429 4955 datum,
448 4883 507 4942 est
534 4882 575 4941 ut
602 4866 778 4941 distantia
811 4866 845 4939 C
853 4867 898 4957 Q.
953 4866 1063 4939 Vires
1094 4866 1213 4964 igitur,
1232 4869 1366 4965 quibus
1395 4896 1549 4967 corpora
1577 4872 1613 4944 in
1637 4871 1750 4967 plano
