4088 5768
292 414 364 500 428
751 406 817 462 DE
837 405 1002 464 nuum
1020 402 1289 462 sxsrarrxna

291 604 370 691 loci,
399 605 537 677 incidet
567 603 603 674 in
631 602 759 674 horam
786 597 846 672 vel
873 613 1017 672 sextam
1046 594 1105 670 vel
1135 595 1356 668 tricesimam
1387 594 1435 665 ab
1461 595 1620 690 appulsu
1654 598 1759 674 lunae

291 722 338 794 ad
375 721 630 805 meridianum,
666 733 779 814 atque
822 715 909 788 luna
942 712 1227 787 declinationem
1263 728 1430 785 mutante
1465 715 1672 789 mutabitur
1719 720 1758 792 in

290 838 490 912 defluxum.
555 837 724 930 Quorum
760 835 925 908 omnium
960 830 1172 927 exemplum
1204 830 1240 902 in
1276 847 1384 927 portu
1415 831 1519 926 regni
1555 832 1764 930 Tunquim'

290 957 338 1029 ad
356 955 539 1028 Batslzom
565 955 633 1028 sub
663 951 857 1027 latitudine
882 947 1021 1023 boreali
1052 960 1131 1022 20⁸¹·
1153 946 1220 1041 50'.
1275 947 1451 1019 Halleius
1476 972 1524 1018 ex
1553 965 1759 1025 nautarum

290 1071 612 1146 observationibus
639 1069 820 1166 patefecit
878 1066 933 1139 lbi
960 1091 1058 1162 aqua
1088 1063 1149 1137 die
1180 1063 1374 1136 transitum
1401 1062 1499 1137 lunae
1526 1056 1595 1159 per
1624 1093 1757 1163 aequa·

290 1204 408 1261 torem
444 1201 625 1284 sequente
659 1200 817 1283 stagnat,
853 1183 940 1256 dein
975 1179 1063 1254 luna
1097 1181 1145 1253 ad
1188 1181 1340 1253 boream
1375 1179 1586 1255 declinante
1621 1184 1759 1282 incipit

290 1304 403 1377 fluere
435 1304 471 1377 dc
502 1303 665 1389 refluere,
694 1326 768 1375 non
798 1300 865 1384 bis,
892 1314 934 1371 ut
964 1299 1000 1370 in
1031 1296 1111 1371 aliis
1137 1297 1329 1393 portubus,
1357 1297 1424 1369 sed
1450 1297 1566 1371 semel
1593 1300 1757 1399 singulis
1803 1307 1810 1322 '

289 1421 441 1509 diebus;
482 1420 518 1493 &
553 1434 666 1492 aestus
700 1416 829 1491 incidit
862 1417 899 1488 in
934 1439 1104 1487 occasum
1139 1412 1246 1498 lunae,
1282 1414 1453 1487 defluxus
1489 1418 1676 1492 maximus
1714 1421 1755 1494 in

288 1551 419 1610 ortum.
475 1535 572 1608 Cum
598 1532 696 1607 lunae
722 1531 967 1606 declinatione
997 1546 1155 1628 augetur
1181 1530 1239 1602 hic
1270 1546 1384 1604 aestus
1418 1557 1539 1628 usque
1567 1535 1616 1606 ad
1646 1537 1752 1609 diem

289 1651 487 1748 septimum
513 1647 573 1723 vel
600 1665 782 1734 octavum,
801 1650 888 1723 dein
914 1674 982 1745 per
1006 1646 1097 1720 alios
1127 1662 1272 1742 septem
1300 1649 1380 1722 dies
1411 1650 1543 1723 iisdem
1569 1653 1755 1750 gradibus

288 1769 476 1854 decrescit,
512 1768 646 1864 quibus
680 1783 791 1841 antea
824 1784 1013 1853 creverat;
1058 1768 1095 1840 ἃ
1137 1765 1224 1838 luna
1259 1767 1544 1844 declinationem
1580 1791 1754 1851 mutante

288 1901 418 1975 cessat,
438 1911 480 1958 ac
507 1911 594 1959 mox
621 1901 784 1959 mutatur
810 1886 846 1958 in
873 1884 1072 1958 defluxum.
1129 1882 1263 1955 Incidit
1280 1884 1380 1957 enim
1398 1887 1557 1962 subinde
1575 1889 1752 1966 defluxus

288 2002 324 2073 in
360 2026 533 2074 occasum
567 1999 665 2074 lunae
700 2000 737 2074 81
771 2001 929 2074 affluxus
965 2001 1001 2072 in
1037 2015 1168 2085 ortum,
1200 1999 1320 2073 donec
1348 2000 1435 2074 luna
1465 2004 1597 2078 iterum
1628 2025 1752 2082 mutet

271 2117 580 2193 declinationem.
636 2117 775 2192 Aditus
793 2119 841 2191 ad
861 2119 957 2191 hunc
975 2134 1123 2213 portum
1147 2116 1315 2213 fretaque
1333 2118 1455 2191 vicina
1472 2119 1612 2217 duplex
1631 2140 1749 2219 patet,

286 2235 379 2311 alter
395 2237 444 2309 ab
461 2262 601 2310 oceano
631 2236 782 2309 Sz'nensi
800 2237 896 2308 inter
918 2235 1169 2308 continentem
1188 2233 1224 2306 81
1243 2233 1399 2306 insulam
1417 2235 1634 2324 Lucaniam,
1654 2238 1751 2316 alter

286 2378 309 2424 a
343 2353 434 2425 mari
468 2353 596 2426 Indico
631 2354 726 2426 inter
759 2353 1010 2426 continentem
1046 2348 1082 2422 ἃ
1117 2347 1274 2422 insulam
1309 2350 1462 2425 Borneo.
1531 2352 1597 2426 An
1631 2373 1749 2431 aestus

285 2470 407 2565 spatio
433 2468 606 2543 horarum
637 2470 834 2544 duodecim
864 2495 887 2542 a
916 2468 1006 2540 mari
1034 2466 1163 2539 Indico
1201 2465 1236 2538 8ι
1267 2467 1388 2561 spatio
1419 2465 1595 2541 horarum
1626 2497 1695 2546 sex
1724 2500 1749 2547 a

179 2611 182 2616 ’
285 2587 376 2659 mari
395 2587 546 2659 Sz'nensz'
560 2612 627 2682 per
643 2586 736 2660 freta
755 2584 815 2659 illa
832 2586 1035 2670 venientes,
1055 2582 1216 2656 &sicin
1239 2582 1368 2657 horam
1386 2585 1532 2658 tertiam
1552 2588 1589 2661 &
1608 2614 1744 2663 nonam

285 2701 450 2775 lunarem
470 2703 683 2788 incidentes,
702 2718 928 2798 componant
954 2700 1166 2799 hujusmodi
1194 2717 1338 2786 motus;
1364 2702 1461 2775 sitne
1487 2702 1560 2777 alia
1586 2708 1744 2781 marium

285 2816 429 2892 illorum
458 2819 629 2905 conditi0,
648 2820 969 2894 observationibus
996 2819 1200 2893 vicinorum
1228 2816 1392 2893 littorum
1418 2820 1741 2896 determinandum

286 2935 375 3010 rclin
404 2962 461 3010 u0.

354 2963 549 3126 illactenus
567 3078 696 3126 causas
714 3069 879 3128 motuum
899 3054 996 3127 lunae
1015 3054 1051 3127 dc
1069 3055 1223 3126 marium
1242 3053 1397 3128 reddidi.
1455 3055 1516 3129 De
1534 3059 1739 3153 quantitate

284 3184 450 3242 motuum
463 3169 544 3266 jam
563 3170 737 3243 convenit
754 3170 877 3267 aliqua
894 3172 1127 3269 subjungere.

460 3398 831 3474 PROPOSITIO
878 3401 1024 3474 XXV.
1107 3401 1441 3474 PROBLEMA
1488 3403 1566 3477 Vl.

517 3581 690 3653 Invenire
706 3581 799 3654 vires
815 3582 900 3655 solis
916 3582 969 3653 ad
972 3581 1244 3675 perturbandos
1261 3590 1378 3654 molus
1394 3583 1502 3656 lume.

352 3759 535 3856 Designet
553 3759 587 3832 S
601 3758 727 3846 solem,
755 3762 792 3833 T
805 3779 948 3845 terram,
967 3763 1005 3832 P
1030 3760 1165 3845 lunam,
1188 3762 1222 3833 C
1223 3762 1263 3832 A
1272 3762 1357 3833 ΗΒ
1374 3763 1503 3835 orbem
1530 3762 1635 3839 lunae.
1688 3762 1726 3833 ln

276 4791 310 4861 S
312 4790 350 4862 P
366 4792 530 4885 capiatur
547 4793 626 4865 SK
640 4793 791 4889 aequalis
810 4796 844 4866 S
854 4795 890 4866 Τ
894 4826 908 4879 ,·
934 4796 1055 4891 sitque
1074 4797 1143 4869 SL
1165 4798 1212 4869 ad
1231 4799 1315 4871 SK
1330 4800 1365 4872 in
1384 4800 1570 4898 duplicata
1587 4796 1707 4873 ratione
