4110 5782
747 431 886 486 ernau
907 431 1093 489 sectum>
1100 431 1159 488 us.
1607 459 1677 527 277

1104 626 1182 696 OS

1015 747 1263 843 OPxSPq

221 877 257 947 in
278 876 417 949 ratione
441 877 634 949 densitatis
661 878 773 951 medii
798 879 833 950 in
860 881 898 950 Ρ
925 878 960 951 81
987 881 1128 953 ratione
1154 879 1340 976 duplicata
1357 882 1562 957 velocitatis
1588 912 1674 960 con·

221 681 269 752 ad
285 681 392 778 yVQ
410 696 450 752 ut
471 681 552 752 ΟΡ
569 680 616 752 ad
635 682 754 777 408.
813 681 883 754 Est
901 682 1013 780 igitur

1276 701 1316 757 ut
1332 686 1546 771 resistentia,
1560 687 1596 760 id
1609 707 1674 776 est,

215 1049 381 1145 junctim.
437 1050 640 1123 Auseratur
664 1051 850 1147 duplicata
877 1052 969 1126 ratio
997 1051 1210 1139 velocitatis
1239 1080 1373 1150 nempe
1400 1055 1492 1129 ratio
1519 1025 1610 1193 Ᾰ-ς-ῙΡ,
1639 1060 1675 1133 ἃ

221 1263 383 1335 manebit
409 1264 520 1336 medii
548 1264 712 1337 densitas
737 1267 772 1336 in
791 1267 828 1337 Ρ
845 1282 886 1337 ut
903 1218 1071 1410 ῡ-βχὲ
1079 1315 1123 1410 -Ρ,
1181 1267 1301 1340 Detur
1316 1268 1468 1363 spiralis,
1489 1268 1524 1340 ἃ
1542 1271 1590 1343 ob
1608 1273 1672 1345 da-

220 1511 296 1567 tam
323 1495 502 1568 rationem
530 1495 608 1567 OS
628 1496 675 1567 ad
697 1496 788 1582 OP,
812 1495 976 1569 densitas
999 1495 1110 1569 medii
1133 1497 1169 1568 in
1187 1498 1225 1569 Ρ
1241 1498 1310 1569 erit
1328 1513 1368 1570 ut
1387 1464 1473 1634 ᾖ).
1532 1500 1573 1569 ln
1598 1524 1672 1572 me-

219 1659 282 1731 dio
301 1659 411 1756 igitur
428 1659 532 1755 cujus
550 1658 714 1731 densitas
732 1675 789 1731 est
808 1660 992 1754 reciproce
1020 1676 1061 1732 ut
1084 1660 1259 1732 distantia
1282 1686 1304 1732 a
1330 1677 1455 1734 centro
1483 1662 1517 1733 S
1524 1664 1569 1746 Ρ,
1597 1688 1673 1735 cor·

220 1801 289 1870 pus
306 1777 429 1872 gyrari
448 1793 571 1870 potest
584 1776 625 1847 'in
644 1776 713 1848 hac
731 1775 864 1871 spirali.
921 1777 964 1866 Q.
980 1778 1027 1850 E.
1041 1779 1091 1849 D.

291 1892 406 1964 Corol.
441 1917 467 1964 1.
499 1891 687 1964 Velocitas
706 1893 742 1964 in
761 1891 842 1966 loco
860 1894 992 1988 quovis
1010 1895 1048 1964 Ρ
1065 1919 1109 1965 ea
1140 1919 1288 1989 semper
1315 1909 1380 1978 est,
1410 1918 1567 1988 quacum
1597 1920 1673 1968 cor-

220 2033 289 2102 pus
321 2008 357 2079 in
389 2008 512 2081 medio
547 2034 620 2083 non
656 2011 850 2082 resistente
878 2009 1009 2082 eadem
1038 2009 1075 2081 vi
1106 2012 1308 2106 centripeta
1335 2011 1457 2107 gyrari
1490 2028 1613 2106 potest
1638 2013 1674 2083 in

220 2123 362 2209 circulo,
382 2125 429 2196 ad
449 2126 605 2199 eandem
624 2153 647 2198 a
664 2141 790 2198 centro
808 2125 1021 2197 distantiam
1040 2127 1074 2197 S
1080 2127 1127 2197 Ρ.

291 2282 407 2356 Corol.
439 2308 469 2355 2.
503 2284 619 2355 Medii
638 2284 811 2370 densitas,
827 2286 856 2357 si
875 2283 985 2358 datur
1001 2284 1175 2357 distantia
1193 2285 1279 2369 SP,
1299 2299 1356 2356 est
1374 2299 1414 2355 ut
1432 2226 1529 2419 gg,
1545 2284 1600 2356 sin
1620 2284 1673 2356 di-

220 2503 355 2576 stantia
380 2503 439 2577 illa
463 2531 536 2579 non
561 2506 678 2590 datur,
698 2525 739 2579 ut
758 2550 985 2643 Ό-ῥ-Χέ-ῥ.
1044 2506 1095 2578 Et
1120 2506 1205 2578 inde
1228 2504 1371 2601 spiralis
1398 2507 1445 2576 ad
1473 2504 1676 2600 quamlibet

222 2684 332 2756 medii
350 2684 571 2758 densitatem
591 2688 708 2782 aptari
727 2703 859 2783 potest.

291 2819 407 2890 Corol.
440 2843 470 2911 3.
502 2820 570 2891 Vis
589 2821 807 2893 resistentiae
826 2821 862 2892 in
880 2819 961 2894 loco
979 2821 1113 2916 quovis
1131 2821 1176 2905 Ρ,
1196 2834 1253 2892 est
1270 2819 1317 2891 ad
1337 2819 1413 2891 vim
1434 2818 1675 2914 centripetam

221 2933 257 3003 in
276 2933 408 3006 eodem
427 2933 507 3008 loco
526 2938 695 3033 utpos
710 2939 757 3009 ad
787 2938 876 3010 ΟΡ.
934 2937 1032 3009 Nam
1061 2937 1158 3009 vires
1184 2934 1253 3008 illae
1277 2951 1364 3007 sunt
1386 2935 1434 3007 ad
1460 2935 1617 3008 invicem
1635 2953 1677 3008 ut

221 3106 377 3203 pler&
402 3108 479 3197 ΤΟ
498 3111 577 3183 sive
596 3053 899 3262 uthssgPQ
919 3053 1129 3247 &if—fga
1149 3112 1219 3184 hoc
1240 3104 1306 3195 est,
1326 3110 1492 3207 utpVQ
1518 3109 1554 3182 82
1579 3110 1673 3198 ΡΟ,

220 3313 286 3359 seu
304 3288 419 3384 {OS
433 3289 469 3361 ἃ
490 3290 579 3364 ΟΡ.
612 3292 711 3363 Data
726 3290 971 3388 igiturspirali
986 3290 1523 3387 daturproportioresistentiae
1537 3290 1584 3362 ad
1600 3291 1675 3361 vim

221 3405 470 3499 centripetam,
491 3406 527 3478 ἃ
545 3408 625 3480 vice
644 3434 752 3480 versa
769 3434 816 3480 ex
833 3409 921 3481 data
940 3407 1000 3481 illa
1016 3409 1254 3504 proportione
1273 3408 1382 3479 datur
1399 3405 1550 3502 spiralis.

290 3521 407 3592 Corol.
437 3545 470 3612 4.
502 3523 646 3618 Corpus
665 3525 789 3619 itaque
805 3525 928 3620 gyrari
954 3525 1081 3619 nequit
1105 3525 1140 3595 in
1169 3523 1236 3595 hac
1263 3521 1396 3618 spirali,
1429 3523 1498 3593 nisi
1525 3521 1587 3593 ubi
1619 3521 1676 3592 vis

222 3637 439 3708 resistentiae
458 3638 578 3711 minor
595 3656 651 3712 est
669 3665 780 3734 quam
799 3640 992 3712 dimidium
1011 3641 1067 3712 vis
1085 3639 1309 3734 centripetae.
1367 3638 1451 3709 Fiat
1469 3637 1676 3709 resistentia

220 3752 372 3847 aequalis
390 3754 544 3829 dimidio
561 3757 618 3827 vis
637 3757 861 3851 centripetae,
883 3756 918 3829 8ι
942 3755 1086 3852 spiralis
1112 3756 1309 3828 conveniet
1334 3779 1418 3826 cum
1450 3752 1546 3825 linea
1576 3769 1676 3826 recta

221 3869 310 3956 PS,
331 3871 442 3965 inque
461 3870 529 3942 hac
549 3888 647 3944 recta
664 3898 796 3967 corpus
815 3872 1017 3944 descendet
1034 3871 1081 3943 ad
1106 3887 1271 3943 centrum
1297 3896 1341 3943 ea
1367 3894 1450 3942 cum
1469 3867 1674 3954 velocitate,

221 4009 304 4078 quae
340 3985 387 4055 sit
421 3985 469 4056 ad
505 3986 749 4078 velocitatem,
786 4014 860 4084 qua
894 3988 1132 4083 probavimus
1167 3988 1204 4059 in
1239 3987 1488 4081 superioribus
1520 3985 1556 4056 in
1588 4009 1674 4056 casu

221 4099 406 4194 parabolae
452 4103 581 4198 (theor.
619 4132 643 4176 x
679 4103 738 4176 lib.
782 4103 814 4201 1)
859 4103 1080 4176 descensum
1115 4104 1152 4176 in
1188 4103 1311 4175 medio
1365 4126 1438 4174 non
1483 4101 1676 4174 resistente

220 4215 307 4300 fieri,
341 4218 376 4289 in
405 4219 662 4314 subduplicata
693 4220 834 4292 ratione
865 4220 1016 4291 unitatis
1046 4218 1093 4291 ad
1130 4243 1323 4291 numerum
1358 4217 1549 4289 binarium.
1624 4216 1676 4288 Et

221 4349 388 4427 tempora
410 4334 623 4408 ‘descensus
658 4334 717 4406 hic
751 4351 858 4408 erunt
892 4335 1077 4430 reciproce
1113 4349 1153 4406 ut
1187 4333 1411 4418 velocitates,
1448 4349 1560 4428 atque
1591 4333 1676 4406 ideo

221 4448 364 4522 dantur.

290 4567 406 4641 Corol.
438 4589 468 4660 5.
501 4567 552 4639 Et
574 4568 749 4663 quoniam
777 4570 813 4642 in
840 4567 1044 4664 aequalibus
1074 4594 1097 4639 a
1128 4583 1254 4640 centro
1285 4566 1468 4639 distantiis
1500 4563 1676 4639 velocitas

220 4684 351 4757 eadem
370 4701 427 4758 est
446 4686 481 4757 in
501 4684 624 4781 spirali
642 4687 777 4775 PQR
794 4701 907 4782 atque
925 4686 961 4758 in
981 4701 1079 4758 recta
1097 4684 1131 4755 S
1138 4686 1185 4774 P,
1206 4683 1242 4756 82
1259 4681 1453 4781 longitudo
1470 4681 1614 4779 spiralis
1628 4683 1676 4755 ad

220 4796 488 4897 longitudinem
518 4819 626 4875 rectae
653 4803 735 4874 PS
753 4817 810 4875 est
829 4802 863 4873 in
883 4802 971 4874 data
988 4801 1141 4890 ratione,
1161 4825 1295 4895 nempe
1314 4799 1349 4871 in
1370 4800 1510 4876 ratione
1531 4802 1612 4873 ΟΡ
1628 4799 1676 4873 ad
