4110 5782
658 425 883 486 EDITORIS
900 424 1148 484 I‘RAEFATIO.
1546 424 1633 496 xxiii

173 625 208 696 in
240 623 500 709 secundarios;
529 624 580 696 sic
609 623 645 696 81
676 648 806 696 omnes
836 621 997 717 primarii
1030 622 1065 693 in
1098 619 1224 703 solem,
1253 619 1288 692 dt
1324 619 1377 693 sol
1405 622 1566 693 vicissim
1596 623 1630 693 in

174 743 379 838 primarios

245 861 364 957 Igitur
375 858 429 933 sol
445 860 481 931 in
497 858 664 955 planetas
678 861 872 931 universos
885 858 1046 953 gravitat
1061 856 1096 928 a
1110 857 1272 928 universi
1293 856 1328 927 in
1348 854 1473 929 solem.
1532 857 1632 930 Nam

173 976 380 1049 secundarii
399 976 488 1047 dum
507 976 700 1071 primarios
719 1002 805 1048 suos
824 975 1054 1057 comitantur,
1075 972 1316 1045 revolvuntur
1334 974 1474 1046 interea
1497 975 1632 1048 circum

173 1092 290 1166 solem
322 1117 397 1164 una
431 1117 514 1164 cum
549 1093 740 1188 primariis,
823 1091 969 1164 Eodem
1014 1091 1138 1185 itaque
1178 1107 1406 1188 argumento,
1443 1092 1632 1188 utriusque

173 1210 321 1306 generis
340 1208 499 1304 planeta:
516 1210 704 1306 gravitant
723 1210 758 1281 in
777 1207 904 1295 solem,
926 1211 961 1280 ἃ
980 1206 1033 1280 sol
1054 1208 1089 1279 in
1110 1208 1219 1302 ipsos,
1275 1208 1523 1282 Secundarios
1542 1237 1631 1283 vero

173 1325 342 1422 planetas
362 1328 398 1399 in
416 1325 532 1400 solem
550 1327 736 1423 gravitare
754 1325 901 1397 abunde
921 1325 1070 1419 insuper
1093 1341 1238 1397 constat
1256 1351 1302 1397 ex
1321 1326 1631 1422 inaeqrralitatilurs

173 1441 383 1529 lunaribus;
418 1469 574 1540 quarum
609 1444 920 1516 accuratissimam
957 1441 1147 1526 theoriam,
1183 1442 1400 1515 admiranda
1430 1446 1632 1541 sagacitate

173 1560 407 1656 patefactam,
428 1562 464 1632 in
484 1561 592 1634 tertio
610 1560 719 1656 hujus
734 1559 856 1654 operis
875 1557 968 1631 libro
986 1558 1193 1652 expositam
1214 1558 1401 1633 habemus

241 1675 339 1750 Solis
370 1678 545 1750 virtutem
574 1678 805 1750 attractivam
833 1701 1134 1771 quoquoversum
1162 1677 1356 1771 propagari
1384 1676 1432 1748 ad
1460 1675 1630 1775 ingentes

172 1818 292 1888 usque
320 1794 524 1879 distantias,
554 1792 591 1866 &
626 1797 710 1865 sese
742 1792 949 1865 diffundere
986 1792 1032 1863 ad
1069 1790 1233 1887 singulas
1264 1793 1485 1890 circumjecti
1521 1796 1629 1890 spatii

172 1925 306 2004 partes
326 1910 556 2005 apertissime
575 1907 696 2006 colligi
715 1924 839 2003 potest
857 1934 903 1980 ex
918 1923 1020 1980 motu
1036 1924 1277 1994 cometarum;
1297 1909 1359 2004 qui
1374 1910 1421 1981 ab
1441 1911 1629 1983 immensis

172 2029 375 2103 intervallis
393 2031 546 2126 profecti
566 2029 733 2102 feruntur
751 2029 786 2101 in
806 2029 978 2100 viciniam
997 2026 1095 2113 soliS,
1116 2028 1152 2099 ἃ
1180 2052 1447 2123 nonnunquam
1465 2028 1561 2101 adeo
1579 2031 1626 2100 ad

173 2148 295 2242 ipsum
322 2148 489 2242 proxime
516 2147 697 2220 accedunt
723 2162 764 2218 ut
788 2144 941 2242 globum
960 2147 1049 2242 ejus,
1070 2146 1106 2217 in
1127 2145 1312 2240 periheliis
1330 2147 1406 2219 suis
1425 2165 1626 2227 versantes,

172 2281 317 2338 tantum
336 2289 409 2338 non
437 2265 651 2362 contingere
669 2264 874 2335 videantur.
950 2263 1097 2335 Horum
1126 2262 1315 2345 theoriam,
1334 2264 1382 2335 ab
1407 2265 1628 2336 astronomis

172 2382 330 2455 antehac
348 2382 481 2455 frustra
499 2383 704 2478 quaesitam,
725 2397 852 2454 nostro
870 2380 1021 2453 tandem
1040 2379 1177 2452 saeculo
1197 2379 1352 2452 feliciter
1378 2381 1563 2453 inventam
1593 2381 1629 2453 ἃ

172 2524 242 2595 per
287 2501 566 2574 observationes
601 2499 804 2572 certissime
838 2498 1129 2570 demonstratam
1156 2497 1470 2591 'praestantissimo
1502 2514 1629 2571 nostro

171 2616 312 2689 auctori
330 2615 518 2691 debemus
592 2617 699 2688 Patet
726 2615 836 2711 igitur
862 2630 1025 2687 cometas
1053 2615 1087 2685 in
1115 2615 1339 2687 sectionibus
1358 2615 1493 2688 conicis
1512 2616 1627 2687 umbi-

171 2730 263 2805 licos
282 2733 318 2804 in
337 2749 463 2806 centro
482 2732 569 2807 solis
589 2732 810 2804 habentibus
829 2731 979 2815 moveri,
1001 2731 1036 2803 ἃ
1055 2731 1165 2803 radiis
1183 2732 1231 2803 ad
1250 2730 1366 2804 solem
1386 2733 1505 2805 ductis
1523 2759 1628 2805 areas

171 2850 401 2944 temporibus
427 2847 721 2946 proportionales
748 2848 965 2920 describere.
1040 2846 1101 2918 Ex
1128 2847 1229 2921 hisce
1255 2875 1347 2923 vero
1373 2851 1627 2946 plraenomenis

171 2966 408 3039 manifestum
452 2982 510 3039 est
546 2966 583 3039 ἃ
626 2966 886 3038 mathematice
930 2966 1191 3059 comprobatur
1225 2967 1323 3039 vires
1368 2966 1457 3056 illas,
1494 2970 1628 3063 quibus

171 3097 329 3155 cometae
347 3083 552 3155 retinentur
571 3084 606 3155 in
625 3083 753 3156 orbitis
773 3083 858 3165 suiS,
879 3083 1061 3176 respicere
1079 3080 1195 3155 solem
1215 3084 1250 3155 ἃ
1268 3110 1351 3157 csse
1378 3085 1561 3179 reciproce
1588 3102 1628 3158 ut

169 3197 352 3294 quadrata
378 3199 635 3271 distantiarum
665 3200 713 3271 ab
743 3200 856 3295 ipsius
886 3216 1021 3273 centr0.
1094 3200 1292 3273 Gravitant
1321 3203 1444 3297 itaque
1473 3220 1626 3275 cometae

174 3316 212 3387 in
241 3312 381 3388 solem:
416 3331 528 3411 atque
563 3316 658 3389 adeo
685 3315 773 3389 solis
800 3318 857 3389 vis
884 3317 1078 3389 attractiva
1105 3343 1178 3390 non
1214 3333 1357 3389 tantum
1392 3319 1439 3390 ad
1476 3345 1630 3414 corpora

171 3430 404 3527 planetarum
431 3433 467 3504 in
494 3433 591 3505 datis
617 3433 802 3505 distantiis
829 3435 864 3505 te
893 3435 928 3505 in
955 3434 1087 3507 eodem
1116 3435 1192 3507 sere
1219 3433 1329 3530 plano
1356 3433 1542 3519 collocata,
1562 3437 1627 3509 sed

169 3548 350 3622 etiamad
369 3566 532 3622 cometas
552 3551 587 3623 in
607 3551 869 3623 diversissimis
887 3548 1060 3623 calorum
1080 3551 1345 3647 regionibus&
1365 3552 1400 3624 in
1422 3554 1627 3625 diversissi-

172 3665 245 3736 mis
275 3665 458 3738 distantiis
489 3668 630 3763 positos
658 3668 843 3764 pertingit
919 3667 1015 3740 llac
1048 3669 1242 3764 igiturest
1273 3684 1403 3740 natura
1433 3695 1627 3764 corporum

170 3781 445 3878 gravitantium,
465 3799 507 3854 ut
524 3784 622 3855 vires
640 3810 725 3855 suas
744 3784 858 3856 edant
871 3783 919 3856 ad
933 3810 1062 3857 omnes
1074 3785 1267 3857 distantias
1282 3785 1318 3856 in
1332 3785 1457 3858 omnia
1475 3812 1629 3880 corpora

172 3897 407 3995 gravitantia
475 3900 568 3972 Inde
598 3925 689 3973 vero
723 3901 890 3996 sequitur
916 3899 1085 3996 planetas
1113 3902 1148 3974 a
1177 3918 1340 3974 cometas
1368 3903 1561 3974 universos
1589 3928 1629 3975 se

174 4029 304 4087 mutuo
324 4015 478 4100 trahere,
498 4015 535 4089 81
561 4017 597 4088 in
625 4043 665 4089 sc
692 4034 821 4090 mutuo
846 4043 981 4114 graves
1008 4045 1114 4091 esse:
1143 4019 1242 4114 quod
1262 4018 1372 4089 etiam
1392 4018 1629 4091 confirmatur

172 4159 222 4206 ex
251 4135 527 4228 perturbatione
550 4135 649 4231 jovis
678 4135 714 4208 a
740 4137 889 4222 saturni,
917 4137 1138 4209 astronomis
1175 4161 1246 4207 non
1284 4136 1478 4229 incognita,
1511 4136 1546 4207 dc
1581 4137 1628 4208 ab

171 4249 381 4323 actionibus
395 4250 526 4324 horum
546 4251 775 4347 planetarum
796 4253 891 4325 inse
911 4253 1068 4325 invicem
1095 4252 1270 4335 oriunda;
1298 4251 1386 4347 quin
1406 4252 1441 4323 ἃ
1459 4279 1503 4323 ex
1525 4269 1625 4325 motu

170 4365 236 4440 illo
267 4365 472 4441 lentissimo
501 4370 682 4464 apsidum,
713 4370 775 4464 qui
805 4395 916 4465 supra
945 4385 1170 4443 memoratus
1198 4384 1266 4458 est,
1298 4369 1436 4465 quique
1466 4396 1488 4442 a
1519 4397 1629 4444 causa

167 4481 353 4556 consimili
372 4483 622 4579 proficiscitur.

240 4598 302 4672 Eo
320 4601 472 4673 demum
491 4603 728 4697 pervenimus
748 4619 789 4677 ut
807 4605 1006 4676 dicendum
1035 4605 1082 4677 sit
1102 4604 1289 4676 &terram
1310 4603 1346 4675 82
1364 4603 1479 4678 solem
1499 4604 1534 4676 ἃ
1553 4631 1629 4677 cor-

166 4741 265 4813 pora
302 4718 426 4790 omnia
463 4716 636 4808 caelestia,
673 4746 757 4815 quae
793 4720 908 4794 solem
941 4722 1170 4805 comitantur,
1202 4747 1242 4794 se
1274 4737 1402 4794 mutuo
1433 4723 1627 4795 attrahere.
