4088 5768
284 453 352 521 104
759 427 826 484 DE
845 426 950 486 MOT
952 427 984 486 U
998 425 1255 486 CORPORUM
1394 451 1399 458 ·

283 627 358 700 CA
367 623 471 698 KM
474 623 514 710 C,
531 623 574 713 A
583 621 674 694 LK
675 620 728 706 A,
747 619 978 693 DALND
994 619 1128 693 eodem
1146 618 1276 693 ordine
1298 644 1381 693 curn
1398 616 1513 693 literis
1529 619 1575 691 F
1576 619 1681 692 GH
1685 620 1720 693 l
1724 621 1770 692 F

281 743 318 816 in
336 739 464 815 orbem
486 738 662 826 redeant;
690 737 727 810 8r
752 752 835 810 acta
859 736 971 809 MN
991 751 1159 810 occurrat
1184 752 1294 812 rectae
1323 737 1358 810 C
1364 736 1406 809 E
1429 736 1466 810 in
1492 736 1516 811 i.
1575 736 1663 811 Fae
1692 762 1762 811 an·

280 856 410 958 gulam
437 857 505 935 iE
515 856 554 928 P
578 852 762 951 aequalem
788 851 926 952 angulo
951 854 981 925 I
990 853 1079 939 GF,
1106 852 1229 949 sitque
1254 855 1344 927 PE
1367 853 1414 926 ad
1440 852 1509 926 Ei
1530 868 1577 927 ut
1592 854 1640 926 F
1650 854 1694 928 G
1709 852 1762 929 ad

286 975 351 1049 GI
358 1004 374 1060 ;
391 973 428 1047 81
445 998 513 1069 per
527 973 566 1045 P
582 986 714 1070 agatur
729 969 854 1068 PQfi
872 995 957 1067 quae
984 994 1067 1042 cum
1094 985 1193 1043 recta
1209 971 1251 1042 A
1259 971 1347 1044 DE
1361 970 1550 1045 contineat
1567 968 1763 1070 angulum

284 1093 400 1184 PQE
412 1088 597 1187 'aequalem
615 1087 753 1187 angulo
769 1089 839 1160 FI
842 1088 887 1179 G,
906 1102 1092 1184 rectaeque
1117 1088 1158 1160 A
1172 1088 1212 1161 B
1228 1102 1396 1162 occurrat
1412 1086 1449 1159 in
1456 1085 1497 1182 ſs
1515 1085 1554 1161 8ι
1565 1086 1764 1187 jungatur

258 2642 265 2655 .
279 2550 344 2647 fi.
399 2550 576 2651 Agantur
599 2567 724 2627 autem
749 2552 842 2627 PE
865 2552 902 2626 8ι
926 2551 1011 2643 PQ
1037 2552 1085 2625 ad
1112 2576 1176 2625 eas
1201 2569 1325 2648 partes
1342 2551 1522 2627 linearum
1545 2554 1582 2629 C
1586 2556 1641 2643 E,
1651 2556 1758 2645 -PE,

291 2684 332 2742 ut
349 2667 536 2742 literarum
553 2669 643 2742 PE
651 2669 669 2742 i
675 2671 714 2742 P
731 2669 768 2743 &
784 2670 874 2742 PE
884 2670 918 2759 Q
929 2671 968 2742 P
985 2670 1084 2744 idem
1103 2669 1151 2743 sit
1168 2668 1261 2743 ordo
1278 2667 1460 2743 circularis
1478 2670 1544 2767 qui
1563 2668 1758 2747 literarum

291 2787 333 2859 F
341 2786 439 2859 GH
443 2787 473 2858 I
477 2787 521 2872 F,
550 2785 586 2859 8c
611 2786 643 2859 si
669 2812 781 2883 super
806 2784 903 2861 linea
917 2786 957 2881 s
958 2787 976 2859 i
990 2787 1122 2861 eodem
1146 2811 1296 2883 quoque
1313 2783 1503 2859 literarum
1514 2788 1655 2864 ordine
1671 2814 1757 2865 con-

292 2903 465 2976 stituatur
482 2904 683 2999 trapezium
698 2904 738 2999 s
735 2904 831 3002 glai
844 2902 1005 3001 trapezio
1022 2905 1065 2976 F
1072 2905 1108 2977 G
1118 2904 1170 2977 H
1174 2905 1204 2976 I
1224 2899 1352 2990 simile,
1372 2902 1409 2977 8ι
1434 2903 1761 2983 circumscribatur

294 3021 503 3118 trajectoria
520 3020 643 3116 specie
661 3020 758 3107 data,
777 3018 943 3094 solvetur
959 3019 1160 3117 problema.

281 3192 287 3204 .
332 3192 335 3197 .
364 3135 558 3209 Hactenus
584 3137 632 3210 de
658 3138 808 3225 orbibus
835 3136 1076 3212 inveniendis.
1131 3138 1311 3235 Superest
1336 3152 1378 3212 ut
1402 3154 1528 3213 motus
1559 3166 1759 3240 corporum

293 3253 330 3325 in
350 3252 499 3326 orbibus
517 3253 677 3328 inventis
695 3254 992 3332 determinemus.

832 3555 1085 3630 SECTIO
1129 3557 1212 3631 VI.

596 3755 656 3827 De
680 3753 885 3827 inventione
909 3762 1074 3828 moinum
1098 3753 1139 3828 in
1165 3753 1310 3829 orbibus
1342 3754 1448 3829 datin

443 4032 818 4129 puorosrrro
855 4055 1004 4130 xxx,
1079 4054 1414 4130 Pnossuann
1453 4008 1616 4137 xnu.

301 4255 474 4351 Corporis
490 4253 531 4326 in
548 4253 636 4327 dala
659 4252 868 4350 trajectoria
881 4253 1097 4349 parabolica
1120 4254 1212 4327 moti
1228 4254 1393 4330 annonaria
1411 4256 1531 4330 locum
1550 4258 1609 4332 ad
1625 4269 1764 4361 lenibus

909 4387 1146 4485 assignatam.

367 4586 426 4661 Sit
442 4588 477 4662 S
491 4586 683 4662 umbilicus
702 4587 739 4661 81
755 4589 796 4662 A
817 4604 947 4664 vertex
965 4587 1175 4685 principalis
1192 4588 1387 4687 parabolae,
1401 4590 1525 4689 sitque
1541 4616 1568 4687 4
1585 4596 1670 4671 AS
1679 4620 1705 4671 x
1716 4594 1769 4670 M

301 4701 445 4799 aequale
462 4729 558 4778 areae
579 4703 799 4800 parabolicae
824 4705 1087 4779 abscindendae
1112 4706 1236 4794 APS,
1255 4733 1340 4805 quae
1366 4708 1470 4784 radio
1496 4710 1582 4799 SP,
1600 4710 1664 4789 vel
1681 4728 1765 4811 post

282 4843 495 4893 excessum
522 4822 684 4917 corporis
710 4821 759 4895 de
784 4822 922 4897 vertice
947 4823 1132 4919 descripta
1157 4822 1234 4909 fuit,
1261 4825 1321 4902 vel
1347 4843 1435 4902 ante
1459 4826 1662 4926 appulsum
1688 4830 1764 4929 ejus
