4088 5768
403 1427 850 1534 arifronis
931 1424 1440 1535 PRAEFATJO

888 1674 945 1722 IN

502 1888 910 1974 EDITIONEM
943 1887 1350 1973 SECUNDAM.

277 2216 650 2292 EWTONIANAE
702 2217 946 2315 philosophiae
990 2243 1127 2292 novam
1170 2218 1246 2303 tibi,
1292 2215 1406 2290 lector
1447 2210 1638 2296 benevole,

328 2336 466 2432 diuque
500 2335 749 2409 desideratam
784 2336 996 2421 editionem,
1036 2334 1232 2432 plurimum
1272 2358 1369 2406 nunc
1403 2329 1638 2405 emendatam

182 2468 294 2549 atque
322 2454 523 2527 auctiorem
554 2454 783 2527 exhibemus.
838 2454 935 2547 Quae
965 2454 1199 2550 potissimum
1226 2451 1484 2525 contineantur
1510 2449 1546 2520 in
1568 2446 1639 2520 hoc

181 2596 295 2665 opere
323 2569 571 2657 celeberrimo,
591 2570 796 2670 intelligere
825 2587 932 2667 potes
961 2596 1008 2644 ex
1040 2570 1221 2643 indicibus
1249 2568 1425 2666 adjectis:
1466 2591 1550 2662 quae
1578 2563 1638 2637 vel

182 2688 367 2761 addantur
400 2686 460 2761 vel
496 2688 744 2774 immutentur,
782 2688 862 2785 ipsa
896 2704 934 2761 te
968 2687 1044 2760 sere
1083 2686 1232 2761 docebit
1266 2684 1424 2758 auctoris
1460 2682 1637 2778 praesatio.

186 2803 385 2900 Reliquum
404 2820 471 2891 est,
491 2820 532 2877 ut
549 2805 769 2903 adjiciantur
787 2804 963 2878 nonnulla
981 2805 1029 2878 de
1047 2803 1224 2878 methodo
1242 2803 1351 2900 hujus
1369 2799 1623 2897 philosophiae.

251 2920 326 3013 Qui
346 2921 538 3016 physicam
564 2922 795 2995 tractandam
821 2936 1074 3017 susceperunt,
1093 2921 1142 2993 ad
1169 2935 1244 2992 tres
1270 2918 1347 2992 sere
1373 2917 1510 2991 classes
1532 2942 1636 2990 revo-

181 3039 256 3111 cari
283 3055 448 3134 possunt„
518 3039 734 3113 Extiterunt
760 3041 867 3126 enim,
888 3041 952 3137 qui
978 3039 1133 3138 singulis
1161 3064 1281 3112 rerum
1308 3038 1503 3133 speciebus
1521 3035 1636 3132 quali-

158 3171 279 3228 ·tates
306 3155 496 3251 specificas
525 3156 561 3229 &
588 3156 750 3231 occultas
781 3158 998 3242 tribuerint;
1035 3182 1082 3230 ex
1113 3155 1246 3252 quibus
1277 3155 1413 3228 deinde
1443 3179 1638 3250 corporum

182 3270 411 3369 singulorum
443 3274 687 3369 operationes,
718 3275 845 3372 ignota
873 3275 1034 3371 quadam
1063 3275 1213 3358 ratione,
1237 3272 1400 3368 pendere
1430 3269 1634 3348 voluerunt.

187 3390 231 3461 ln
250 3389 319 3462 hoc
337 3390 458 3486 posita
475 3405 533 3463 est
553 3416 700 3463 summa
725 3391 902 3464 doctrinae
930 3388 1168 3476 scholasticae,
1187 3391 1235 3462 ab
1262 3389 1517 3463 Aristotele&
1538 3389 1636 3462 Peri-

182 3509 351 3605 pateticis
381 3508 583 3582 derivatae:
611 3509 813 3582 Affirmant
840 3509 967 3606 utique
997 3507 1163 3606 singulos
1191 3507 1343 3581 effectus
1370 3533 1417 3580 ex
1443 3531 1637 3602 corporum

182 3624 429 3723 singularibus
448 3626 713 3712 naturis'oriri3
741 3641 779 3697 at
796 3626 896 3699 unde
914 3626 988 3699 sint
1006 3624 1077 3698 illae
1104 3641 1244 3698 naturae
1271 3650 1345 3698 non
1366 3624 1521 3710 docent;
1550 3622 1638 3695 nihil

182 3745 308 3839 itaque
331 3744 475 3819 docent
531 3745 702 3841 Cumque
730 3746 798 3819 toti
823 3746 898 3821 sint
926 3747 960 3818 in
992 3771 1112 3819 rerum
1144 3746 1363 3831 nominibus
1384 3771 1458 3819 non
1485 3746 1521 3816 in
1550 3745 1638 3840 ipsis

182 3860 313 3946 rebus;
341 3885 550 3934 sermonem
568 3862 755 3957 quendam
773 3860 1068 3958 philosophicum
1087 3862 1261 3935 censendi
1285 3877 1372 3934 sunt
1391 3861 1637 3947 adinvenisse,

184 3974 455 4072 philosophiam
474 3978 670 4062 tradidisse
688 4003 762 4051 non
781 3994 867 4052 sunt
885 3980 1069 4053 censendi.

252 4090 330 4164 Alii
356 4118 446 4190 ergo
473 4092 632 4167 melioris
660 4094 861 4194 diligentiae
892 4095 1040 4169 laudem
1075 4093 1252 4190 consequi
1279 4111 1474 4189 sperarunt
1503 4096 1637 4192 rejecta

184 4207 449 4282 vocabulorum
476 4209 592 4283 inutili
619 4211 812 4311 farragine.
868 4215 1087 4287 Statuerunt
1114 4213 1240 4306 itaque
1268 4211 1460 4284 materiam
1489 4213 1634 4285 univer-

182 4350 265 4397 sam
293 4325 562 4424 homogeneam
591 4352 683 4415 esse,
708 4355 859 4404 omnem
887 4356 979 4404 vero
1007 4329 1207 4403 formarum
1237 4328 1464 4415 varietatem,
1488 4355 1572 4424 quae
1600 4331 1635 4403 in

183 4441 399 4535 corporibus
434 4443 603 4530 cernitur,
639 4471 686 4518 ex
721 4445 981 4543 particularum
1022 4446 1323 4540 componentium
1358 4445 1638 4543 simplicissimis

182 4556 407 4653 quibusdam
453 4558 490 4632 &
528 4560 713 4636 intellectu
754 4563 934 4637 facillimis
974 4562 1229 4636 affectionibus
1273 4563 1367 4636 oriri.
1448 4564 1499 4636 Et
1540 4581 1638 4638 recte

184 4673 337 4769 quidem
355 4677 566 4773 progressio
585 4677 785 4753 instituitur
803 4706 824 4752 a
844 4677 1126 4774 simplicioribus
1150 4679 1197 4751 ad
1226 4681 1345 4778 magis
1373 4683 1586 4777 composita,
1606 4683 1637 4755 si

184 4789 444 4886 particularum
475 4794 656 4890 primariis
686 4795 754 4870 illis
788 4796 1043 4870 affectionibus
1074 4820 1147 4870 non
1179 4794 1269 4870 alios
1304 4797 1469 4869 tribuunt
1496 4797 1636 4882 modos,
