4088 5768
744 393 886 452 LIBER
905 394 1089 455 PRIMUS.

699 730 967 850 sucuro
1011 731 1144 810 x11.

437 911 499 985 De
521 920 713 1007 corporum
737 911 996 1008 sphare'corum
1020 913 1163 989 m'rc'bus
1185 916 1402 992 attractionis.

336 1219 710 1298 PROPOSITIO
755 1222 900 1299 LXX.
955 1223 1312 1300 THEOREMA
1359 1224 1513 1307 XXX..

132 1448 145 1493 ff
190 1401 244 1477 Sa'
271 1402 326 1476 ad
355 1403 539 1498 spbam'ca
575 1401 780 1499 superficeei
804 1411 950 1498 puncta
985 1403 1137 1502 ungula
1175 1405 1328 1484 tendant
1366 1404 1461 1480 m'res
1498 1407 1652 1504 aquales

132 1570 138 1617 ε
240 1537 444 1633 centripeta
465 1537 691 1610 decrescentes
716 1537 757 1609 c'u
782 1537 971 1634 duplicata
998 1538 1140 1611 ratione
1158 1538 1427 1612 distantiarum
1444 1564 1468 1611 a
1476 1540 1651 1637 punctos:

132 1690 137 1735 ε
238 1668 317 1743 dc'co
344 1668 445 1765 quod
472 1669 723 1765 corpusculum
756 1670 862 1744 iutra
890 1666 1117 1769 =superficiem
1149 1671 1387 1746 coustitutum
1419 1672 1478 1747 tres
1510 1674 1652 1747 viribus

240 1801 388 1874 nullam
404 1801 445 1873 in
453 1810 605 1897 partem
621 1803 840 1879 attrahatur.

132 2046 134 2050 ·
258 2017 318 2093 Sit
334 2019 387 2092 H
390 2020 421 2092 I
424 2019 474 2092 K
479 2019 515 2091 L
535 2019 747 2116 superficies
766 2018 828 2094 illa
845 2019 1036 2118 sphaerica,
1056 2019 1093 2095 81
1109 2022 1148 2095 P
1164 2021 1420 2120 corpusculum
1443 2023 1542 2098 intus
1564 2051 1649 2101 con-

184 2134 369 2210 stitutum.
427 2135 499 2208 Per
522 2137 562 2208 P
585 2152 745 2235 agantur
761 2137 810 2210 ad
829 2137 924 2210 hanc
941 2137 1173 2234 superficiem
1194 2137 1302 2214 lineae
1320 2139 1405 2213 duae
1431 2141 1540 2227 HK,
1564 2141 1648 2228 IL,

185 2274 298 2329 arcus
315 2276 429 2349 quam
447 2251 620 2327 minimos
637 2255 689 2327 H
693 2254 727 2340 l,
745 2254 794 2326 K
800 2254 836 2326 L
857 2253 1153 2351 intercipientes;
1189 2253 1235 2344 81,
1253 2257 1303 2331 ob
1321 2255 1504 2356 triangula
1521 2259 1648 2346 HPI,

185 2367 336 2443 LPK
372 2367 455 2466 (per
493 2367 602 2442 corol.
647 2392 667 2462 3
707 2368 791 2443 lem.
832 2368 901 2468 vn)
945 2368 1089 2461 similia,

184 2508 297 2561 arcus
324 2483 374 2558 ni
405 2500 514 2558 erunt
539 2485 723 2560 distantiis
753 2485 856 2572 Hp,
887 2486 975 2559 tp
1003 2511 1088 2582 pro·
1160 2449 1569 2867 t

184 2598 441 2701 portionales;
478 2601 514 2674 &
543 2601 749 2697 superficiei
780 2600 972 2698 sphaericae
1006 2627 1088 2698 par·
1613 2620 1623 2641 ¹

184 2715 313 2796 ticulae
343 2717 487 2815 quaevis
513 2718 562 2791 ad
589 2718 675 2790 HI
697 2718 733 2791 &
757 2718 806 2790 K
812 2719 860 2806 L,
887 2719 995 2792 rectis
1022 2744 1091 2816 per
1157 2804 1296 2914 l
1329 2801 1335 2815 ³

184 2851 370 2937 punctum
409 2837 449 2908 P
489 2835 766 2910 transeuntibus
808 2835 973 2932 undique
1015 2850 1087 2909 ter·
1125 2836 1154 2947 ὲ

186 2953 352 3040 minatae,
387 2967 495 3026 erunt
533 2951 571 3025 in
611 2948 797 3048 duplicata
836 2949 897 3024 illa
935 2952 1085 3027 ratione

180 3068 299 3168 Ergo
324 3068 422 3141 vires
447 3067 579 3141 harum
604 3065 865 3163 particularum
892 3066 928 3140 in
954 3092 1088 3163 corpus

184 3186 229 3261 P
257 3184 430 3260 exercitae
457 3198 544 3256 sunt
571 3183 667 3257 inter
696 3207 737 3257 se
765 3180 936 3279 aequales.
991 3184 1089 3257 Sunt

184 3302 291 3378 enim
329 3315 372 3373 ut
409 3297 597 3397 particulae
640 3298 788 3383 directe,
829 3299 865 3372 8ι
907 3298 1089 3396 quadrata

185 3418 449 3495 distantiarum
467 3417 622 3490 inverse
679 3413 732 3487 Et
750 3413 808 3487 hae
826 3413 911 3487 duae
929 3415 1090 3515 rationes

132 3616 140 3633 ‚
185 3548 420 3630 componunt
446 3532 625 3606 rationem
651 3526 882 3626 aequalitatis.
947 3530 1202 3605 Attractiones
1232 3530 1352 3629 igitur,
1381 3530 1417 3603 in
1448 3515 1649 3605 contrarias

186 3665 317 3749 partes
343 3646 536 3746 aequaliter
560 3647 679 3736 factae,
706 3671 748 3719 se
774 3638 904 3720 mutuo
929 3645 1133 3721 destruunt
1203 3646 1256 3720 Et
1281 3644 1390 3719 simili
1417 3662 1647 3745 argumento

187 3765 428 3841 attractiones
463 3788 593 3838 omnes
627 3787 696 3859 per
728 3776 846 3836 totam
880 3761 1100 3857 sphaericam
1134 3762 1366 3859 superficiem
1400 3787 1424 3834 a
1457 3761 1648 3836 contrariis

187 3880 470 3958 attractionibus
488 3880 735 3954 destruuntur.
790 3875 952 3952 Proinde
977 3903 1110 3976 corpus
1135 3881 1174 3952 P
1199 3876 1337 3953 nullam
1363 3877 1400 3951 in
1426 3894 1569 3974 partem
1590 3877 1649 3954 his

187 3996 470 4072 attractionibus
488 3993 696 4092 impellitur.
752 3994 797 4086 Q.
811 3994 860 4070 E.
873 3995 925 4068 D.

299 4307 674 4386 PROPOSITIO
719 4307 892 4385 LXXI.
964 4309 1321 4386 THEOREMA
1367 4308 1546 4389 XXXI.

188 4505 325 4582 lesdam
350 4505 492 4602 positos,
520 4508 597 4581 dico
629 4506 729 4605 quod
756 4509 1008 4604 corpusculum
1041 4519 1149 4582 extra
1181 4509 1394 4606 sphericum
1425 4503 1651 4602 superfhz‘em

239 4639 479 4713 constitutum
494 4640 708 4714 attrahitur
721 4641 775 4714 ad
786 4650 954 4714 centrum
969 4641 1129 4737 sphaera,
1143 4642 1185 4715 oi
1197 4643 1372 4738 reciproce
1377 4638 1657 4736 proportionali

242 4771 429 4869 quadrato
444 4771 634 4845 de'stautc'a
646 4799 720 4850 sua
735 4778 782 4850 ab
798 4776 913 4850 eodem
929 4787 1058 4850 centro.
