4110 5782
298 417 371 504 488
750 415 819 473 DE
839 415 1007 474 MUNDI
1020 415 1290 474 SYSTEMATE

364 609 406 683 Si
425 608 698 709 longitudinum
722 610 1002 683 observatamm
1028 635 1155 705 parvae
1172 611 1247 684 sint
1263 610 1492 700 differentiae,
1510 630 1607 710 puta
1625 620 1764 715 gradu·

297 753 360 800 um
391 742 535 801 tantum
566 751 590 818 4
621 726 680 801 vel
714 749 733 821 5
771 728 982 801 suffecerint
1016 728 1295 801 observationes
1321 742 1397 802 tres
1426 726 1487 802 vel
1513 747 1687 826 quatuor
1714 735 1762 808 ad

297 843 559 917 inveniendam
577 842 846 941 longitudinem
865 844 901 918 8c
927 843 1159 919 latitudinem
1180 870 1327 920 novam.
1398 843 1465 917 Sin
1493 847 1661 944 majores
1687 851 1763 924 sint

295 965 523 1051 differentiae,
542 979 632 1061 puta
648 965 831 1063 graduum
855 989 899 1040 10
917 964 976 1040 vel
997 989 1053 1053 20,
1073 964 1264 1039 debebunt
1288 964 1570 1040 observationes
1589 969 1760 1066 quinque

294 1081 471 1156 adhiberi.

777 1461 1050 1536 LEMMA
1122 1463 1259 1536 Vll.

358 1667 438 1738 Per
464 1666 594 1738 datum
618 1676 803 1764 punctum
835 1671 863 1742 P
894 1672 1019 1745 ducere
1047 1679 1181 1744 rectam
1211 1670 1347 1745 lineam
1375 1669 1462 1757 BC,
1488 1671 1596 1768 cujus
1620 1682 1757 1770 partes

298 1800 381 1887 PB,
417 1801 502 1888 PC,
535 1804 639 1876 rectis
671 1804 812 1877 duabus
835 1804 1017 1901 positione
1047 1804 1146 1878 dates
1176 1804 1214 1878 A
1231 1804 1271 1892 B,
1299 1804 1385 1877 AC
1417 1805 1587 1897 abscissis,
1622 1808 1758 1884 datam

288 1933 445 2007 habeant
460 1936 640 2010 retennem
664 1938 888 2013 adinvicem.
1725 1945 1728 1950 ’

357 2152 394 2225 Α
414 2167 552 2249 puncto
578 2152 640 2228 illo
657 2155 695 2226 P
720 2153 768 2226 ad
795 2169 976 2228 rectarum
1002 2152 1137 2229 alteru-

288 2285 384 2343 tram
401 2271 442 2341 Α
457 2270 496 2341 B
520 2270 677 2344 ducatur
701 2286 800 2344 recta
824 2273 966 2367 quaevis
984 2273 1082 2358 PD,
1102 2272 1139 2346 &

288 2387 513 2483 producatur
530 2388 662 2461 eadem
680 2412 811 2461 versus
826 2404 964 2461 rectam
983 2387 1137 2462 alteram

285 2507 326 2579 A
345 2506 511 2603 Cusque
529 2506 577 2579 ad
595 2507 643 2593 E,
662 2523 704 2580 ut
729 2506 778 2579 sit
802 2507 892 2579 PE
916 2507 964 2578 ad
983 2507 1074 2579 Pl)
1101 2508 1138 2579 in

286 2622 376 2696 data
393 2621 454 2695 illa
472 2623 623 2696 ratione.
681 2624 756 2719 lpsi
774 2624 815 2696 A
830 2624 873 2696 l)
898 2621 1074 2720 parallela
1092 2625 1140 2698 sit

285 2741 328 2813 E
339 2740 373 2813 C
380 2772 395 2826 ,·
422 2739 457 2812 &
488 2740 519 2813 si
550 2755 682 2838 agatur
712 2741 747 2814 C
754 2741 848 2828 PB,
880 2741 950 2815 erit
979 2740 1067 2815 PC
1089 2741 1139 2814 ad

286 2858 372 2929 PB
388 2871 430 2930 ut
447 2858 536 2930 PE
551 2857 599 2930 ad
616 2858 715 2933 Pl).
770 2858 925 2948 Q.E.F.

756 3236 1030 3310 LEMMA
1103 3237 1341 3331 VHL‚

352 3416 415 3490 Sit
432 3416 469 3488 A
486 3416 515 3488 Β
531 3415 563 3491 C
571 3417 755 3514 parabeie
770 3419 983 3493 umbilicum
1008 3417 1140 3492 tabens
1157 3417 1195 3494 S.
1269 3417 1416 3493 Cherde
1441 3419 1479 3492 A
1496 3417 1528 3493 C
1545 3417 1675 3494 bisen
1700 3421 1748 3496 in

270 4819 284 4891 I
305 4819 543 4894 abscindatur
560 4833 779 4920 segmentum
805 4825 842 4897 A
861 4826 890 4898 Β
907 4827 939 4901 C
957 4827 986 4918 l,
1013 4827 1117 4924 cnjus
1133 4829 1309 4904 dnmenr
1332 4831 1383 4905 sit
1401 4831 1416 4904 I
1437 4860 1462 4913 μ
1481 4834 1530 4911 &
1546 4841 1671 4907 vertex
1686 4863 1723 4916 μ.
