4088 5768
837 390 979 449 LIBER
1001 387 1190 447 'PRIMUS
1696 408 1744 477 47

338 592 500 683 virium.-
534 587 608 662 erit
635 586 692 660 ozi
720 586 914 682 centripeta
944 584 985 657 in
1014 582 1126 656 medo
1155 606 1274 669 arcus,
1306 590 1351 653 ut
1375 581 1512 678 sugillo
1538 581 1669 656 dz'recte
1699 585 1748 662 ὄψ’

338 735 475 822 tempus
492 724 545 797 bis
560 721 705 796 inverse.

358 939 468 1047 Nam¹
484 936 621 1034 sagitta
647 935 737 1009 dato
762 948 932 1030 tempore
957 947 1016 1006 est
1040 947 1083 1005 ut
1107 930 1167 1004 vis
1197 929 1282 1029 (per
1306 928 1415 1005 corol.
1444 955 1478 1023 4.
1507 957 1611 1029 prop.
1646 930 1691 1031 1.)
1712 933 1749 1006 81

289 1056 461 1157 augendo
499 1071 647 1151 tempus
683 1053 720 1125 in
756 1052 898 1126 ratione
933 1049 1074 1146 quavis
1111 1048 1160 1122 ob
1199 1064 1347 1121 auctum
1383 1043 1509 1123 arcum
1543 1051 1580 1123 in
1616 1049 1747 1124 eadem

292 1175 432 1248 ratione
466 1171 602 1269 sagitta
627 1184 785 1268 augetur
811 1169 848 1242 in
876 1168 1017 1241 ratione
1049 1162 1110 1238 illa
1136 1162 1324 1261 duplicata
1353 1163 1434 1265 (per
1463 1165 1571 1241 corol.
1604 1191 1622 1239 2
1652 1167 1689 1240 81
1717 1191 1748 1261 3,

293 1291 375 1366 lem.
404 1288 472 1389 x1.)
492 1290 653 1384 ideoque
679 1302 803 1360 estut
829 1286 887 1360 vis
913 1282 1029 1358 semel
1056 1283 1268 1379 &tempus
1294 1282 1360 1357 bis.
1415 1279 1653 1357 Subducatur
1681 1284 1748 1357 du·
1874 1349 1879 1357 .

290 1407 424 1507 plicata
441 1407 534 1481 ratio
552 1406 729 1501 temporis
747 1404 929 1500 utrinque,
949 1402 986 1476 &
1003 1400 1068 1474 fiet
1084 1399 1143 1474 vis
1160 1414 1202 1473 ut
1219 1401 1356 1499 sagitta
1383 1401 1523 1475 directe
1549 1401 1586 1475 &
1603 1418 1750 1498 tempus

293 1527 350 1600 bis
368 1528 525 1600 inverse.
580 1523 625 1613 Q.
645 1523 695 1595 E.
715 1523 766 1595 D.

362 1641 468 1716 Idem
486 1638 592 1714 facile
609 1639 885 1714 demonstratur
901 1626 1013 1713 etiam
1032 1662 1100 1733 per
1116 1632 1226 1709 corol.
1247 1658 1281 1726 4.
1301 1632 1384 1709 lem.
1406 1658 1441 1708 X.

363 1758 480 1831 Corol.
524 1780 551 1829 1.
585 1756 627 1829 Si
662 1780 796 1851 corpus
829 1757 868 1830 P
902 1754 1020 1830 revol-

294 1876 418 1950 vendo
448 1874 544 1948 circa
578 1889 744 1979 centrum
771 1874 806 1947 S
837 1873 1022 1947 describat

292 1990 427 2064 lineam
446 2015 597 2063 curvam
614 1990 761 2079 APQ‚·
785 2004 914 2088 tangat
931 2016 1021 2065 vero

294 2123 394 2183 recta
409 2107 522 2180 ZPR
540 2130 691 2179 curvam
709 2102 808 2178 illam
827 2107 863 2180 in
882 2123 1020 2204 puncto

293 2224 426 2321 quovis
443 2224 491 2313 P,
512 2222 549 2297 &
571 2221 619 2294 ad
641 2236 856 2318 tangentem
880 2224 928 2296 ab
949 2221 1021 2296 alio

293 2341 426 2438 quovis
465 2363 588 2412 curvae
631 2352 769 2433 puncto
813 2339 847 2428 Q
891 2355 1022 2437 agatur

294 2457 380 2547 QR
417 2455 603 2529 distantiae
642 2455 676 2526 S
681 2454 720 2527 P
757 2452 939 2550 parallela,
979 2482 1022 2530 ac

294 2571 510 2646 demittatur
565 2571 664 2661 QT
709 2571 1022 2668 perpendicularis
1094 2582 1121 2627 V

294 2689 344 2763 ad
370 2687 584 2762 distantiam
612 2685 711 2762 illam
748 2689 782 2761 S
789 2689 851 2764 P:
886 2690 945 2764 vis
973 2695 1177 2790 centripeta
1204 2695 1274 2769 erit
1304 2696 1488 2793 reciproce
1523 2713 1564 2769 ut
1593 2693 1752 2769 solidum

295 2807 330 2879 S
335 2806 374 2879 P
406 2805 513 2901 quad.
535 2829 559 2877 ><
578 2805 664 2895 QT
683 2805 790 2900 quad.
872 2864 880 2880 .

497 2923 532 3013 Q
550 2925 590 2995 R
806 2895 813 2952 ;
850 2889 881 2937 s1
917 2867 1030 2941 modo
1066 2867 1175 2942 solidi
1205 2867 1301 2944 illius
1328 2896 1374 2945 ea
1407 2896 1556 2970 semper
1588 2885 1756 2945 sumatur

293 3040 491 3139 quantitas,
520 3065 604 3136 quae
630 3036 760 3111 ultimo
786 3036 837 3124 fit,
865 3038 928 3111 ubi
955 3056 1091 3115 coeunt
1124 3056 1261 3139 puncta
1287 3045 1326 3118 P
1356 3045 1392 3119 8z
1426 3043 1469 3135 Q.
1547 3045 1648 3118 Nam
1679 3043 1753 3135 QR
1790 3074 1792 3078 ·

293 3157 446 3254 aequalis
464 3170 522 3231 est
547 3155 694 3253 sagittae
711 3151 814 3251 dupli
833 3180 938 3230 arcus
968 3158 1059 3248 QP,
1079 3160 1116 3231 in
1140 3161 1243 3257 cujus
1260 3159 1384 3234 medio
1402 3177 1460 3234 est
1476 3162 1523 3253 P,
1545 3159 1752 3258 &duplum

293 3271 466 3373 trianguli
481 3275 514 3345 S
519 3273 603 3363 ΟΡ,
618 3273 699 3345 sive
717 3272 752 3344 S
752 3271 791 3344 P
803 3295 827 3344 ><
844 3272 929 3361 QT,
945 3276 1112 3372 tempori,
1127 3301 1202 3372 quo
1219 3302 1325 3351 arcus
1339 3279 1409 3352 iste
1426 3276 1561 3375 duplus
1579 3278 1751 3352 describi-

293 3404 361 3476 tur,
381 3386 656 3486 proportionale
673 3402 750 3477 est;
779 3388 937 3485 ideoque
954 3416 1023 3487 pro
1041 3393 1219 3488 temporis
1237 3411 1448 3491 exponente
1466 3395 1574 3470 scribi
1592 3410 1725 3493 potest

364 3508 481 3581 Corol.
505 3531 535 3579 2.
565 3505 715 3580 Eodem
729 3521 949 3604 argumento
966 3509 1023 3580 vis
1042 3511 1245 3606 centripeta
1262 3526 1320 3585 est
1333 3511 1519 3608 reciproce
1536 3525 1578 3585 ut
1594 3510 1754 3585 solidum

296 3623 622 3720 SquQPq

416 3743 502 3833 QR

295 3860 353 3933 bis
371 3874 588 3958 tangentem
605 3859 684 3932 PR
701 3857 913 3932 demissum.
958 3858 1058 3932 Nam
1071 3860 1282 3960 rectangula
1301 3863 1335 3936 S
1338 3863 1378 3935 Y
1385 3884 1410 3934 x
1427 3862 1498 3951 QP
1509 3861 1545 3934 &
1559 3862 1628 3935 SP
1639 3883 1664 3933 x
1681 3862 1761 3951 QT

295 3990 499 4072 aequantur.

368 4093 486 4165 Corol.
509 4115 540 4186 3.
574 4092 617 4165 Si
635 4090 736 4164 orbis
752 4087 812 4164 vel
840 4088 995 4165 circulus
1023 4108 1089 4178 est,
1109 4089 1169 4166 vel
1187 4092 1360 4166 circulum
1378 4090 1607 4166 concentrice
1625 4093 1753 4191 tangit,

625 3741 633 3770 ,
652 3684 683 3757 si
702 3683 815 3758 modo
833 3685 867 3758 S
871 3685 910 3756 Y
917 3684 1221 3781 perpendiculum
1239 3688 1287 3761 sit
1303 3713 1327 3761 a
1344 3703 1471 3762 centro
1488 3687 1622 3761 virium
1641 3687 1678 3759 in
1696 3713 1752 3761 or-

295 4223 361 4282 aut
396 4210 626 4284 concentrice
652 4223 761 4294 secat,
781 4208 819 4281 id
845 4224 910 4294 est,
942 4207 1119 4308 angulum
1154 4223 1345 4283 contactus
1378 4225 1444 4281 aut
1473 4206 1645 4280 sectionis
1671 4233 1755 4281 cum
1885 4290 1887 4294 .

297 4325 434 4401 circulo
468 4351 581 4423 quam
612 4326 805 4399 minimum
835 4326 1007 4411 continet,
1039 4326 1198 4399 eandem
1230 4324 1371 4398 habens
1401 4335 1634 4397 curvaturam
1664 4348 1753 4396 eun·

296 4442 459 4539 demque
490 4442 634 4516 radium
664 4457 869 4516 curvaturae
899 4442 948 4515 ad
978 4458 1155 4539 punctum
1190 4442 1256 4527 P,·
1294 4439 1331 4512 81
1360 4438 1391 4511 si
1420 4439 1459 4512 P
1479 4436 1517 4510 V
1537 4436 1675 4511 chorda
1708 4439 1757 4511 sit

297 4559 420 4634 circuli
439 4559 549 4657 hujus
567 4584 591 4632 a
616 4582 768 4654 corpore
793 4584 860 4655 per
885 4573 1050 4633 centrum
1078 4557 1211 4632 virium
1229 4574 1335 4632 acta:
1372 4556 1442 4630 erit
1471 4554 1528 4628 vis
1554 4555 1757 4651 centripeta

1332 4673 1457 4769 QPr

299 4733 487 4830 reciproce
506 4751 547 4810 ut
565 4732 725 4809 solidum
745 4738 778 4808 S
786 4738 825 4809 Υ
823 4763 846 4833 q
858 4761 883 4810 x
895 4738 933 4808 P
946 4737 988 4811 V.
1038 4737 1137 4810 Nam
1156 4736 1195 4809 P
1207 4735 1246 4808 V
1257 4750 1315 4809 est
1331 4774 1465 4881 Ἦ
