4110 5782
756 422 897 480 LIBER
921 423 1122 483 TERTIUS.
1597 447 1665 515 401

208 616 249 672 ut
268 599 308 672 fit
326 600 362 671 in
379 601 557 698 gravibus
582 602 617 672 in
645 599 713 672 hac
733 615 829 672 terra
847 615 981 672 nostra.
1040 600 1092 673 Et
1109 601 1242 674 eodem
1262 617 1482 698 argumento
1508 600 1668 696 planetae

206 716 491 802 circumsolares
519 718 567 790 ab
595 715 799 812 aequalibus
827 742 850 789 a
880 715 958 789 sole
987 716 1170 790 distantiis
1197 719 1358 802 demissi,
1387 720 1567 792 descensu
1597 746 1665 795 suo

207 834 244 905 in
272 832 387 907 solem
419 832 623 930 aequalibus
650 833 878 929 temporibus
906 832 1063 929 aequalia
1094 836 1213 929 spatia
1239 837 1500 910 describerent.
1556 837 1667 911 Vires

207 970 341 1037 autem,
378 953 512 1048 quibus
551 977 705 1048 corpora
745 950 941 1047 inaequalia
979 951 1172 1048 aequaliter
1209 953 1470 1039 accelerantur,
1503 969 1590 1027 sunt
1624 971 1666 1028 ut
1697 984 1700 989 ·

206 1093 380 1165 corpora;
408 1070 478 1142 hoc
496 1086 562 1155 est,
582 1069 748 1165 pondera
774 1084 822 1140 ut
832 1069 1057 1163 quantitates
1076 1071 1239 1144 materiae
1261 1072 1297 1143 in
1325 1069 1492 1167 planetis,
1551 1070 1665 1144 Porro

200 1188 301 1284 jovis
329 1188 364 1260 &
391 1188 471 1284 ejus
497 1186 695 1261 satellitum
723 1186 889 1281 pondera
907 1188 943 1258 in
970 1187 1086 1261 solem
1118 1187 1407 1284 proportionalia
1432 1214 1515 1261 esse
1546 1212 1662 1283 quan-

206 1304 372 1376 titatibus
407 1305 571 1377 materiae
606 1328 733 1377 eorum
770 1318 872 1399 patet
902 1329 949 1376 ex
984 1319 1086 1376 motu
1121 1303 1320 1376 satellitum
1355 1331 1467 1401 quam
1503 1304 1665 1377 maxime

207 1418 387 1516 regulari;
425 1446 490 1515 per
524 1417 633 1494 corol.
669 1444 689 1513 3
722 1445 824 1515 prop.
863 1443 938 1492 va
972 1419 1032 1493 lib.
1077 1446 1105 1494 1.
1180 1421 1280 1493 Nam
1315 1422 1345 1494 si
1382 1421 1513 1495 horum
1549 1419 1662 1517 aliqui

207 1538 325 1634 magis
365 1537 598 1610 traherentur
634 1538 670 1609 in
710 1535 835 1622 solem,
873 1562 939 1632 pro
978 1538 1184 1632 quantitate
1223 1539 1386 1612 materiae
1422 1565 1509 1625 suae,
1551 1564 1663 1635 quam

207 1655 355 1728 caeteri:
388 1672 511 1727 motus
539 1652 737 1728 satellitum
771 1653 852 1749 (per
886 1651 993 1726 corol.
1029 1678 1047 1724 2
1079 1679 1181 1750 prop.
1220 1679 1294 1728 va
1323 1654 1382 1730 lib.
1421 1656 1454 1755 1)
1487 1683 1535 1730 ex
1575 1657 1662 1729 inae-

206 1769 383 1866 qualitate
414 1772 640 1844 attractionis
671 1770 980 1866 perturbarentur.
1046 1769 1097 1856 si,
1129 1772 1279 1867 paribus
1309 1800 1331 1845 a
1359 1773 1438 1847 sole
1468 1774 1662 1860 distantiis,

206 1886 353 1960 satelles
382 1886 513 1984 aliquis
540 1889 690 1985 gravior
720 1903 819 1960 esset
847 1888 883 1959 in
914 1885 1031 1960 solem
1060 1913 1127 1983 pro
1155 1891 1360 1984 quantitate
1383 1892 1547 1964 materiae
1575 1916 1661 1976 suae,

83 1993 85 1997 ⁷
206 2030 318 2100 quam
349 2005 489 2102 jupiter
523 2030 591 2100 pro
626 2006 832 2100 quantitate
867 2005 1031 2077 materiae
1067 2031 1154 2091 suae,
1192 2006 1228 2078 in
1265 2009 1405 2082 ratione
1441 2032 1662 2105 quacunque

205 2121 302 2204 data,
332 2137 421 2215 puta
451 2120 620 2192 dade:
655 2120 831 2192 distantia
861 2121 956 2194 inter
985 2137 1152 2194 centrum
1183 2122 1270 2196 solis
1302 2124 1532 2198 &centrum
1563 2125 1663 2197 orbis

206 2235 373 2309 satellitis
408 2237 526 2333 major
552 2262 701 2332 semper
725 2237 820 2311 soret
850 2262 962 2334 quam
989 2237 1165 2311 distantia
1193 2240 1288 2313 inter
1313 2257 1480 2314 centrum
1509 2239 1596 2313 solis
1626 2239 1662 2313 81
1707 2292 1713 2297 -

205 2368 372 2424 centrum
403 2353 502 2450 jovis
534 2353 569 2424 in
606 2353 747 2426 ratione
778 2353 1036 2449 subduplicata
1071 2381 1182 2451 quam
1214 2357 1404 2452 proxime;
1442 2358 1493 2430 uti
1522 2353 1662 2429 calculo

205 2471 368 2565 quodam
400 2471 490 2543 inito
522 2471 656 2543 inveni.
739 2470 791 2542 Et
821 2471 851 2543 si
878 2470 1026 2545 satelles
1054 2474 1175 2545 minus
1200 2475 1325 2571 gravis
1352 2488 1451 2547 esset
1482 2475 1519 2546 in
1545 2472 1662 2548 solem

205 2587 241 2657 in
271 2587 413 2659 ratione
444 2584 504 2659 illa
533 2587 563 2658 (ι’
588 2587 636 2658 ad
667 2613 691 2672 e,
720 2587 894 2661 distantia
921 2591 1035 2662 centri
1064 2590 1163 2663 orbis
1191 2590 1358 2664 satellitis
1388 2618 1411 2665 a
1438 2590 1516 2665 sole
1542 2592 1664 2664 minor

204 2702 299 2776 soret
326 2729 438 2798 quam
465 2703 641 2777 distantia
658 2705 772 2777 centri
795 2706 894 2801 jovis
921 2731 944 2777 a
972 2704 1049 2778 sole
1079 2707 1115 2779 in
1147 2709 1287 2782 ratione
1306 2707 1367 2781 illa
1392 2706 1658 2804 subduplicata.

208 2821 373 2917 Ideoque
391 2821 431 2904 si,
452 2821 488 2892 in
513 2820 717 2917 aequalibus
743 2848 765 2894 a
792 2821 869 2895 sole
896 2822 1089 2909 distantiis,
1103 2826 1268 2921 gravitas
1294 2825 1530 2900 acceleratrix
1555 2823 1663 2898 satel-

204 2937 277 3011 litis
303 2939 464 3036 cujusvis
497 2939 532 3011 in
562 2937 678 3012 solem
708 2940 825 3036 major
850 2955 949 3013 esset
970 2939 1029 3013 vel
1057 2943 1177 3014 minor
1194 2969 1305 3039 quam
1334 2944 1497 3040 gravitas
1525 2939 1662 3015 accele-

205 3058 317 3129 ratrix
340 3058 439 3154 jovis
462 3057 498 3129 in
525 3055 652 3144 solem,
672 3075 776 3154 parte
803 3074 947 3130 tantum
975 3057 1167 3132 millesima
1184 3060 1378 3157 gravitatis
1405 3060 1539 3146 totius;
1567 3057 1663 3131 foret

204 3175 378 3247 distantia
397 3175 512 3247 centri
531 3175 630 3247 orbis
648 3173 814 3247 satellitis
841 3201 863 3248 a
889 3173 967 3249 sole
992 3178 1109 3274 major
1125 3175 1185 3250 vel
1213 3177 1333 3250 minor
1350 3202 1461 3273 quam
1488 3175 1663 3249 distantia

197 3292 298 3389 jovis
316 3319 338 3364 a
362 3291 439 3366 sole
467 3308 571 3388 parte
589 3292 669 3370 ader
687 3292 872 3366 distantia}
900 3294 1021 3379 totius
1042 3294 1078 3366 id
1106 3310 1171 3379 est,
1192 3310 1295 3390 parte
1322 3295 1456 3389 quinta·
1477 3291 1661 3365 distantiae

203 3408 370 3483 satellitis
405 3410 532 3482 extimi
569 3436 591 3482 a
629 3425 755 3482 centro
793 3410 925 3506 jovis:
969 3436 1053 3505 quae
1085 3410 1235 3506 quidem
1275 3411 1374 3484 orbis
1409 3408 1660 3483 eccentricitas

203 3522 298 3597 soret
329 3524 438 3598 valde
465 3523 656 3598 sensibilis
729 3525 807 3598 Sed
838 3527 948 3599 orbes
974 3515 1173 3599 satellitum
1202 3544 1288 3600 sunt
1317 3528 1397 3624 jovi
1429 3523 1658 3609 concentrici,

205 3639 241 3712 dc
275 3659 472 3737 propterea
505 3643 708 3738 gravitates
739 3642 1012 3718 acceleratrices
1042 3646 1142 3741 jovis
1179 3646 1214 3718 &
1245 3643 1442 3718 satellitum
1475 3643 1512 3714 in
1543 3639 1659 3713 solem

205 3773 399 3851 aequantur
416 3758 512 3829 inter
528 3783 577 3830 se.
634 3759 686 3830 Et
703 3761 835 3834 eodem
854 3776 1074 3859 argumento
1092 3763 1257 3857 pondera
1271 3761 1410 3833 saturni
1430 3759 1466 3832 81
1484 3758 1659 3831 comitum

204 3874 283 3969 ejus
320 3874 355 3945 in
391 3873 516 3959 solem,
550 3876 586 3947 in
622 3875 826 3972 aequalibus
856 3905 879 3951 a
908 3877 987 3953 sole
1021 3878 1215 3963 distantiis,
1247 3893 1333 3950 sunt
1364 3892 1404 3949 ut
1434 3875 1659 3972 quantitates

204 3990 367 4062 materiae
386 3991 422 4062 in
450 3991 562 4086 ipsis:
591 3992 626 4065 8ι
652 3995 819 4089 pondera
845 3993 941 4068 lunae
960 4022 1002 4068 ac
1021 4013 1128 4069 terrae
1152 3996 1188 4067 in
1216 3993 1332 4067 solem
1350 3992 1410 4067 vel
1438 3991 1537 4065 nulla
1563 4007 1659 4077 sunt,

203 4105 262 4179 vel
292 4133 418 4180 earum
448 4109 579 4181 massis
607 4128 776 4185 accurate
805 4110 1101 4208 proportionalia
1155 4108 1296 4206 Aliqua
1325 4125 1449 4183 autem
1480 4123 1567 4181 sunt
1594 4132 1661 4203 per

205 4222 315 4297 corol.
343 4249 355 4295 1
380 4224 416 4297 dc
436 4250 455 4318 3
476 4251 579 4322 prop.
600 4251 632 4299 v.
1223 4234 1225 4236 ’

272 4340 486 4434 Quinetiam
505 4344 671 4439 pondera
689 4346 847 4440 partium
865 4345 1092 4443 singularum
1111 4342 1270 4441 planetae
1289 4344 1468 4440 cujusque
1487 4343 1523 4414 in
1548 4340 1660 4414 alium

203 4484 462 4555 quemcunque
480 4478 567 4535 sunt
593 4463 689 4535 inter
706 4488 746 4535 se
773 4478 814 4536 ut
841 4464 993 4536 materia
1024 4463 1060 4533 in
1088 4461 1254 4557 partibus
1279 4458 1444 4558 singulis.
1502 4458 1602 4529 Nam
1629 4455 1658 4528 si

203 4593 327 4671 partes
362 4576 496 4673 aliquae
531 4577 614 4675 plus
648 4580 885 4676 gravitarent,
922 4578 1003 4652 aliae
1039 4579 1170 4665 minus,
1203 4603 1315 4673 quam
1350 4590 1419 4671 pro
1453 4572 1661 4670 quantitate

204 4696 390 4768 materiae:
419 4694 567 4791 planeta
585 4711 693 4782 totus,
713 4722 780 4792 pro
797 4721 935 4794 genere
953 4696 1111 4791 partium
1139 4696 1273 4792 quibus
1299 4692 1460 4766 maxime
1486 4691 1661 4779 abundet,

201 4812 403 4906 gravitaret
421 4813 540 4911 magis
558 4812 617 4887 vel
636 4813 757 4888 minus
775 4838 887 4910 quam
905 4839 973 4910 pro
991 4813 1198 4910 quantitate
1216 4810 1379 4885 materiae
1403 4808 1524 4883 totius.
1583 4807 1662 4881 Sed

897 4939 915 4987 2
937 4937 958 4986 c
