4110 5782
402 391 472 479 298
882 382 949 439 oo
968 333 1404 443 MOTUCORPORou

480 670 875 750 PROPOSITIO
923 670 1123 743 XXVII.
1193 670 1548 749 THEOREMA
1594 675 1749 750 XXII.

400 873 449 946 Si
461 871 669 967 corporibus
683 866 948 963 fuuepeudulis
974 865 1160 939 resistitur
1184 868 1224 938 iu
1241 869 1427 964 duplicato
1451 871 1592 945 rotzoue
1616 874 1853 960 velocitotuuc,

448 1005 660 1103 dcffermtice
688 1004 786 1075 iuter
810 1008 969 1094 temporo
995 999 1260 1072 oscillationum
1291 1001 1331 1073 iu
1357 1002 1470 1074 medio
1497 1005 1677 1078 resistente
1700 1031 1742 1078 ac
1768 1016 1852 1079 teru-

441 1150 541 1235 poro
577 1135 840 1211 oseiluuonum
875 1133 916 1205 iu
945 1133 1101 1229 ejusdcm
1124 1135 1327 1229 grauitatis
1355 1137 1522 1232 specifice
1554 1137 1666 1210 medio
1696 1163 1768 1211 uou
1800 1165 1852 1211 re-

449 1272 600 1359 sistente,
635 1277 746 1341 eruut
777 1266 933 1338 arcubus
971 1264 1166 1338 oscillondo
1205 1267 1391 1363 descriptis
1418 1269 1712 1363 proportionales
1744 1295 1854 1365 quum

442 1403 619 1498 proxime.

340 1665 342 1669 -
469 1617 570 1689 Nam
596 1611 766 1710 pendulis
792 1611 995 1709 aequalibus
1022 1613 1058 1686 in
1085 1614 1209 1689 medio
1245 1616 1439 1689 resistente
1465 1616 1721 1691 describantur
1747 1643 1854 1693 arcus

401 1730 601 1829 inaequales
629 1729 677 1815 A,
699 1729 749 1816 B;
777 1728 813 1801 u
840 1728 1047 1802 resistentia
1073 1731 1235 1825 corporis
1262 1732 1299 1803 in
1325 1757 1411 1806 arcu
1440 1732 1488 1819 A,
1507 1735 1577 1806 erit
1602 1735 1650 1807 ad
1681 1735 1852 1807 resisten-

399 1851 490 1924 tiam
507 1846 669 1943 corporis
698 1846 734 1917 in
765 1860 869 1940 parte
895 1847 1209 1942 correspondente
1237 1872 1343 1920 arcus
1374 1848 1416 1937 B,
1436 1848 1473 1920 in
1501 1848 1688 1944 duplicata
1713 1850 1853 1922 ratione

400 1963 646 2048 velocitatum,
666 1961 703 2033 id
730 1975 795 2047 est,
814 1975 856 2033 ut
882 1961 971 2035 AA
997 1963 1045 2035 ad
1074 1962 1162 2049 BB,
1190 1989 1301 2059 quam
1331 1965 1508 2059 proxime.
1575 1965 1617 2038 Si
1648 1966 1854 2038 resistentia
1963 2001 1966 2005 ’

401 2083 438 2156 ἱη
455 2107 541 2154 arcu
563 2080 592 2152 B
611 2093 711 2152 esset
727 2077 775 2150 ad
802 2077 1046 2151 resistentiam
1066 2078 1102 2150 in
1121 2104 1218 2151 arcu·
1234 2078 1272 2151 A
1298 2095 1340 2151 ut
1358 2079 1443 2152 AB
1470 2081 1518 2153 ad
1546 2081 1582 2152 A
1599 2080 1657 2168 A;
1685 2097 1853 2176 tempora

400 2200 437 2272 in
463 2198 620 2271 arcubus
652 2195 690 2268 A
718 2194 754 2267 81
787 2193 816 2265 B
843 2193 965 2268 forent
995 2193 1161 2290 aequalia,
1193 2220 1262 2290 per
1290 2197 1581 2292 propositionem
1612 2197 1848 2292 superiorem.

403 2314 570 2410 Ideoque
588 2310 795 2386 resistentia
814 2309 891 2381 AA
912 2311 948 2383 in
966 2336 1052 2383 arcu
1072 2311 1120 2397 A,
1140 2309 1198 2384 vel
1219 2310 1291 2383 AB
1311 2313 1347 2384 in
1365 2339 1450 2386 arcu
1471 2313 1511 2400 B,
1530 2313 1642 2386 efficit
1658 2339 1852 2387 excessum

400 2430 577 2525 temporis
612 2429 648 2500 in
684 2452 769 2500 arcu
806 2425 843 2497 A
879 2451 990 2521 supra
1033 2442 1179 2522 tempus
1215 2429 1252 2499 in
1288 2429 1412 2503 medio
1447 2454 1520 2502 non
1556 2430 1772 2514 resistente;
1817 2429 1853 2502 81

335 2592 336 2596 =
400 2546 607 2621 resistentia
627 2544 691 2616 BB
710 2542 822 2616 efficit
839 2568 1031 2616 excessum
1058 2545 1234 2639 temporis
1262 2544 1299 2616 in
1328 2571 1413 2621 arcu
1445 2546 1474 2618 B
1506 2571 1617 2641 supra
1643 2547 1789 2640 tempus
1816 2546 1852 2617 in

400 2664 524 2737 medio
550 2686 624 2735 non
650 2660 853 2733 resistente.
908 2658 1006 2732 Sunt
1030 2675 1155 2733 autem
1181 2686 1355 2734 excessus
1382 2659 1430 2734 illi
1458 2676 1500 2735 ut
1524 2662 1623 2734 vires
1652 2661 1853 2735 efficientes

402 2779 529 2852 AB&
550 2777 614 2850 BB
632 2801 744 2873 quam
762 2774 938 2870 proxime,
959 2775 996 2847 id
1014 2791 1080 2861 est,
1099 2791 1141 2849 ut
1158 2802 1263 2850 arcus
1283 2776 1319 2848 A
1340 2777 1376 2850 u
1397 2778 1435 2852 B.
1490 2778 1649 2866 QM.

469 2894 586 2968 Corol.
613 2918 640 2966 1.
673 2892 775 2964 Hinc
801 2916 848 2964 ex
873 2889 1142 2965 oscillationum
1169 2894 1407 2989 temporibus,
1426 2892 1463 2964 in
1495 2892 1619 2966 medio
1648 2893 1851 2979 resistente,

400 3014 436 3085 in
466 3011 624 3084 arcubus
654 3006 896 3103 inaequalibus
930 3008 1118 3097 factarum,
1150 3011 1323 3108 cognosci
1358 3023 1514 3105 possunt
1549 3025 1716 3104 tempora
1746 3007 1850 3081 oscil-

398 3128 577 3202 lationum
596 3127 632 3197 in
650 3124 817 3222 ejusdem
833 3124 1027 3221 gravitatis
1045 3126 1227 3221 specificae
1246 3126 1370 3199 medio
1387 3150 1462 3198 non
1481 3125 1684 3199 resistente.
1751 3124 1852 3197 Nam

398 3244 605 3319 differentia
623 3257 831 3336 temporum
849 3241 919 3313 erit
935 3240 983 3311 ad
1010 3267 1203 3316 excessum
1228 3242 1404 3338 temporis
1423 3242 1458 3312 in
1477 3266 1563 3313 arcu
1582 3241 1723 3314 minore
1741 3266 1852 3337 supra

398 3377 546 3457 tempus
582 3360 618 3432 in
649 3358 772 3432 medio
806 3382 880 3430 non
917 3357 1119 3443 resistente,
1152 3374 1193 3432 ut
1223 3359 1429 3432 differentia
1463 3384 1614 3432 arcuum
1643 3359 1692 3431 ad
1727 3383 1851 3430 arcum

398 3479 587 3552 minorem.

469 3595 585 3669 Corol.
609 3618 639 3666 2.
671 3589 928 3664 Oscillationes
946 3583 1134 3663 breviores
1160 3606 1248 3663 sunt
1273 3591 1391 3688 magis
1417 3591 1630 3676 isochronae,
1650 3589 1686 3663 81
1711 3591 1850 3664 brevis-

397 3711 501 3786 simae
537 3710 668 3784 iisdem
704 3708 931 3803 temporibus
966 3723 1193 3805 peraguntur
1222 3712 1264 3779 ac
1300 3709 1335 3779 in
1371 3707 1495 3781 medio
1529 3732 1603 3780 non
1647 3707 1849 3792 resistente,

398 3855 510 3926 quam
545 3827 721 3923 proxime.
791 3825 932 3896 Earum
966 3848 1068 3912 vero,
1113 3849 1197 3918 quae
1232 3825 1269 3896 in
1305 3825 1504 3922 majoribus
1548 3825 1705 3897 arcubus
1749 3823 1849 3908 fiunt,

397 3964 566 4041 tempora
589 3958 676 4016 sunt
705 3940 816 4037 paulo
846 3941 995 4038 majora,
1014 3955 1210 4035 propterea
1235 3942 1336 4037 quod
1367 3941 1575 4014 resistentia
1606 3941 1642 4011 in
1670 3939 1851 4013 descensu

396 4063 559 4160 corporis
589 4086 664 4157 qua
694 4074 841 4153 tempus
868 4056 1083 4152 producitur
1113 4058 1231 4154 major
1258 4058 1307 4130 sit
1332 4083 1400 4152 pro
1433 4056 1575 4129 ratione
1610 4053 1850 4152 longitudinis

398 4182 434 4255 in
452 4180 632 4254 descensu
651 4175 857 4270 descriptae,
876 4198 989 4268 quam
1017 4172 1224 4246 resistentia
1253 4173 1289 4245 in
1320 4197 1475 4246 ascensu
1504 4172 1754 4265 subsequente
1778 4196 1851 4267 qua

397 4311 544 4390 tempus
584 4291 820 4366 contrahitur.
900 4288 979 4361 Sed
1015 4288 1051 4361 &
1086 4303 1232 4383 tempus
1267 4286 1535 4362 oscillationum
1571 4303 1647 4361 tam
1683 4287 1850 4360 brevium

396 4438 508 4509 quam
536 4410 730 4507 longarum
759 4403 923 4480 nonnihil
952 4403 1105 4498 produci
1134 4404 1281 4477 videtur
1308 4430 1375 4500 per
1403 4421 1544 4478 motum
1572 4403 1693 4477 medii.
1750 4403 1850 4475 Nam

395 4526 610 4623 corporibus
628 4523 921 4598 tardescentibus
948 4518 1060 4615 paulo
1088 4521 1210 4594 minus
1239 4522 1428 4611 resistitur,
1448 4548 1516 4618 pro
1546 4521 1688 4594 ratione
1715 4519 1849 4592 veloci-

396 4643 494 4732 tatis,
526 4641 562 4714 &
592 4640 806 4736 corporibus
836 4636 1047 4712 acceleratis
1078 4637 1188 4732 paulo
1223 4639 1341 4737 magis
1376 4666 1488 4736 quam
1524 4639 1567 4712 iis
1599 4665 1683 4735 quae
1714 4625 1848 4710 unifor-

397 4760 505 4833 miter
539 4757 846 4855 progrediuntur:
888 4753 1000 4849 idque
1035 4752 1122 4848 quia
1156 4754 1330 4844 medium,
1363 4782 1408 4830 eo
1439 4782 1550 4853 quem
1580 4782 1603 4829 a
1633 4755 1848 4851 corporibus
