4110 5782
421 401 492 467 294
898 377 965 433 DE
985 375 1123 436 MOTU
1139 376 1315 436 CORPOR
1324 377 1390 434 ΗΜ

418 571 591 644 laminam
610 570 696 642 serri
715 569 950 655 contrahitur,
967 568 1002 641 81
1021 570 1058 640 in
1075 567 1210 640 lamina
1224 568 1301 641 sere
1320 569 1543 644 terminatur.
1600 571 1700 644 Nam
1720 599 1873 670 corpora

418 684 590 762 ulteriora
609 711 682 759 non
701 702 777 758 tam
795 711 818 756 a
836 698 1009 782 magnete
1027 710 1138 780 quam
1157 711 1179 757 a
1196 683 1332 757 lamina
1350 686 1551 760 trahuntur.
1624 688 1688 760 Ad
1713 692 1872 764 eundem

418 805 570 877 modum
589 803 620 875 si
639 799 825 896 particulae
852 800 984 897 sugant
1009 798 1098 873 alias
1125 801 1180 873 sui
1206 802 1354 898 generis
1373 802 1569 897 particulas
1587 805 1655 876 sibi
1674 807 1872 900 proximas

419 922 454 994 in
499 917 695 1015 particulas
739 933 862 990 autem
907 918 1122 991 remotiores
1165 918 1340 990 virtutem
1393 917 1528 991 nullam
1576 939 1780 1007 exerceant,
1825 949 1873 996 ex

417 1036 627 1134 hujusmodi
646 1033 832 1130 particulis
859 1049 1126 1128 componentur
1152 1033 1265 1106 fluida
1290 1035 1338 1107 de
1365 1035 1498 1130 quibus
1525 1050 1647 1108 actum
1674 1052 1731 1110 est
1749 1038 1785 1109 in
1804 1038 1874 1111 hac

416 1152 676 1250 propositione.
758 1149 870 1243 Quod
914 1150 944 1221 si
988 1149 1175 1244 particulae
1227 1151 1406 1248 cujusque
1449 1152 1565 1224 virtus
1609 1153 1644 1224 in
1689 1154 1872 1228 infinitum

416 1283 650 1366 propagetur,
670 1294 764 1363 opus
782 1268 851 1341 erit
868 1266 905 1339 vi
933 1267 1060 1364 majori
1087 1265 1134 1338 ad
1162 1265 1342 1362 aequalem
1370 1268 1696 1342 condensationem
1724 1272 1871 1368 majoris

314 1412 315 1416 ¹
418 1386 634 1482 quantitatis
670 1383 781 1456 fluidi.
854 1383 918 1454 An
954 1408 1043 1454 vero
1071 1382 1182 1454 fluida
1209 1380 1359 1455 elastica
1385 1409 1432 1456 ex
1458 1384 1644 1479 particulis
1670 1412 1712 1459 se
1743 1403 1872 1461 mutuo

416 1502 630 1601 fugantibus
648 1515 827 1584 constent,
847 1500 1004 1594 quaestio
1017 1498 1170 1594 physica
1184 1513 1249 1572 est.
1299 1500 1381 1572 Nos
1395 1503 1659 1596 proprietatem
1675 1503 1870 1577 fluidorum

414 1645 462 1693 ex
504 1617 685 1716 ejusmodi
728 1614 913 1711 particulis
948 1615 1194 1688 constantium
1218 1617 1489 1716 'mathematice
1524 1618 1869 1705 demonstravimus,

415 1751 456 1809 ut
472 1734 701 1831 philosophis
719 1757 847 1805 ansam
865 1733 1096 1827 praebeamus
1114 1733 1357 1827 quaestionem
1376 1733 1474 1806 illam
1494 1735 1682 1808 tractandi.

954 2009 1206 2083 SECTIO
1251 2012 1333 2087 Vl.
1413 2096 1414 2100 Ἰ

631 2193 690 2264 De
706 2201 804 2264 motu
825 2192 873 2267 ὣ*
891 2190 1090 2263 resisterint
1108 2200 1297 2285 corporum
1306 2191 1653 2288 fuueprndulorunz.

546 2433 916 2538 puoro'smo
957 2462 1131 2535 xxiv.
1198 2464 1554 2538 runoueun
1595 2466 1723 2540 xm.

414 2666 648 2753 Quanliloles
690 2666 853 2736 urolorico
893 2663 933 2735 in
983 2663 1190 2757 corporibus
1220 2661 1496 2759 suupeno'ulis,
1539 2691 1696 2761 quorum
1746 2675 1869 2738 ceretro

461 2797 728 2870 oscillationum
744 2822 767 2869 a
785 2806 904 2870 cenlro
928 2797 1168 2891 suspensionis
1192 2798 1383 2893 oequolz'ler
1401 2798 1551 2884 dtslont,
1567 2799 1711 2870 suntin
1730 2800 1872 2870 ratione

461 2933 651 3027 compon‘lo
685 2957 729 3003 ox
761 2929 903 3001 ratione
925 2928 1133 3024 ponderum
1178 2930 1226 3006 &³
1260 2931 1402 3001 rou'oue
1439 2930 1625 3025 duplz'colo
1668 2939 1868 3026 temporum

461 3065 726 3138 oscillationum
744 3063 784 3135 in
802 3088 919 3135 uacuo.

465 3244 565 3318 Nam
601 3242 786 3328 velocitas
824 3267 935 3338 quam
971 3242 1058 3314 data
1094 3243 1150 3314 vis
1192 3242 1228 3315 in
1263 3243 1351 3316 data
1391 3244 1543 3318 materia
1578 3243 1667 3316 dato
1702 3259 1868 3340 tempore

372 3414 382 3429 ,
410 3356 589 3459 generare
608 3376 740 3457 potest,
760 3375 817 3433 est
835 3376 876 3431 ut
893 3360 949 3432 vis
968 3358 1004 3431 ἃ
1023 3375 1169 3453 tempus
1187 3359 1334 3445 directe,
1355 3360 1391 3432 &
1409 3360 1562 3434 materia
1581 3361 1734 3435 inverse.
1781 3361 1868 3455 Quo

412 3480 529 3576 major
562 3493 620 3551 est
654 3478 711 3549 vis
746 3474 805 3548 vel
846 3471 966 3572 majus
1009 3490 1155 3569 tempus
1198 3474 1258 3547 vel
1303 3476 1423 3549 minor
1465 3478 1627 3563 materia,
1662 3501 1708 3550 eo
1752 3480 1868 3575 major

409 3596 646 3693 generabitur
658 3593 844 3666 velocitas.
894 3591 937 3663 Id
953 3591 1052 3685 quod
1066 3617 1133 3686 per
1147 3607 1268 3664 motus
1281 3590 1403 3689 legem
1417 3594 1617 3667 secundam
1632 3593 1866 3666 manifestum

410 3727 476 3785 est.
546 3711 631 3807 Jam
650 3736 740 3783 vero
765 3710 795 3782 si
823 3706 985 3804 pendula
1010 3706 1177 3804 ejusdem
1203 3709 1277 3780 sint
1302 3707 1552 3807 longitudinis,
1571 3710 1669 3782 vires
1696 3710 1867 3783 motrices

410 3829 446 3901 in
465 3827 554 3901 locis
571 3854 594 3899 a
611 3822 874 3923 perpendiculo
891 3823 1082 3919 aequaliter
1099 3824 1320 3898 distantibus
1338 3842 1423 3899 sunt
1441 3844 1482 3899 ut
1499 3826 1688 3922 pondera:
1707 3827 1866 3923 ideoque

409 3945 440 4017 si
476 3945 630 4038 corpora
664 3943 740 4014 duo
773 3940 976 4014 oscillando
1011 3940 1221 4013 describant
1255 3968 1360 4015 arcus
1396 3941 1567 4037 aequales
1604 3941 1640 4015 &
1674 3968 1780 4015 arcus
1817 3941 1864 4015 illi

409 4060 624 4133 dividantur
641 4059 677 4132 in
696 4074 820 4154 partes
838 4056 1022 4154 aequales;
1045 4082 1127 4129 cum
1146 4073 1314 4152 tempora
1332 4060 1466 4154 quibus
1484 4085 1637 4155 corpora
1654 4058 1866 4132 describant

408 4175 573 4276 singulas
590 4201 740 4248 arcuum
759 4191 882 4270 partes
900 4157 1231 4269 correspondentes
1258 4175 1332 4247 sint
1352 4191 1393 4247 ut
1411 4191 1579 4271 tempora
1596 4161 1864 4249 oscillationum

408 4309 578 4377 totarum,
615 4306 722 4364 erunt
756 4289 970 4364 velocitates
1005 4290 1052 4363 ad
1089 4290 1246 4363 invicem
1282 4292 1318 4363 in
1354 4293 1726 4387 correspondentibus
1761 4291 1865 4366 oscil-

407 4409 586 4483 lationum
615 4408 789 4503 partibus,
819 4423 860 4479 ut
887 4409 984 4480 vires
1020 4407 1191 4479 motrices
1221 4407 1256 4479 &
1285 4422 1363 4480 tota
1393 4405 1660 4480 oscillationum
1696 4424 1864 4502 tempora

406 4527 545 4599 directe
589 4525 625 4597 dc
676 4525 900 4621 quantitates
952 4523 1115 4595 materiae
1168 4523 1376 4617 reciproce:
1429 4523 1589 4619 ideoque
1639 4523 1863 4618 quantitates

406 4640 570 4713 materiae
605 4656 646 4712 ut
680 4641 778 4713 vires
814 4639 850 4712 8c
884 4637 1151 4713 oscillationum
1186 4654 1354 4734 tempora
1388 4639 1526 4711 directe
1570 4638 1606 4710 dc
1635 4617 1862 4710 'velocitates

407 4757 600 4852 reciproce.
668 4757 745 4829 Sed
789 4755 1003 4829 velocitates
1056 4756 1239 4850 reciproce
1290 4772 1376 4828 sunt
1428 4770 1468 4828 ut
1519 4771 1695 4851 tempora,
1748 4771 1861 4851 atque
