4088 5768
838 480 980 540 LIBER
999 481 1185 542 PRIMUS.

398 868 787 949 .PROPOSITIO
824 871 941 946 LVI.
998 872 1333 949 PROBLEMA
1376 873 1609 950 XXXVII.

289 1086 696 1185 Concessisfigurarum
720 1085 1011 1160 curvilzizeurum
1034 1087 1288 1185 quadraturis,
1307 1087 1472 1186 datisque
1496 1097 1576 1162 tum
1602 1089 1674 1186 lege
1688 1087 1745 1162 vis

337 1221 540 1318 centmpetae
562 1220 617 1294 ad
635 1228 800 1294 centrum
824 1219 954 1293 datum
980 1221 1164 1314 tendentes,
1187 1231 1268 1295 lum
1291 1221 1480 1318 superficie
1501 1247 1616 1296 curva
1640 1221 1745 1318 cujus

338 1356 422 1430 axel
441 1365 517 1454 per
543 1364 708 1429 centrum
741 1350 843 1426 illud
872 1353 1034 1439 transz'l;
1072 1354 1288 1429 invenienda
1315 1365 1367 1430 est
1395 1355 1605 1452 tras'ectorz'a
1633 1381 1745 1453 quam

338 1498 468 1584 corpus
484 1486 525 1561 in
541 1487 660 1561 cadem
675 1483 862 1583 superficie
876 1484 1052 1574 describet,
1070 1487 1114 1561 de
1136 1490 1209 1563 loco
1232 1488 1328 1582 dato,
1347 1489 1436 1562 duta
1455 1515 1538 1563 cum
1555 1489 1745 1581 velocitate,

340 1648 464 1697 versus
470 1623 628 1721 plagam
644 1621 686 1695 in
701 1618 890 1717 superficie
904 1619 975 1695 illa
990 1620 1117 1695 datam
1134 1648 1320 1729 egressum.

357 1836 550 1912 Stantibus
581 1862 665 1933 quae
696 1835 733 1908 in
764 1834 953 1932 superiore
982 1835 1235 1932 propositione
1269 1849 1479 1911 constructa
1512 1849 1607 1921 sunt,
1640 1848 1750 1908 exeat

289 1979 424 2050 corpus
465 1954 504 2026 T
535 1952 583 2027 de
613 1951 695 2027 loco
728 1952 817 2026 dato
851 1952 886 2024 S
921 1952 1126 2026 secundum
1160 1969 1299 2028 rectam
1334 1954 1519 2051 positione
1549 1951 1675 2025 datam
1711 1951 1748 2024 in

290 2070 537 2169 trajectoriam
562 2068 822 2143 inveniendam
841 2067 876 2139 S
890 2068 929 2140 T
931 2069 980 2155 R,
1008 2070 1112 2167 cujus
1137 2070 1338 2169 vestigium
1364 2071 1401 2143 in
1422 2068 1534 2166 plano
1550 2068 1636 2142 BL
1651 2068 1686 2140 O
1702 2065 1751 2139 sit

289 2187 332 2260 A
345 2189 391 2263 P.
463 2187 517 2259 Et
542 2211 590 2259 ex
615 2184 703 2258 data
728 2183 891 2281 corporis
917 2184 1114 2261 velocitate
1132 2187 1169 2259 in
1187 2185 1382 2262 altitudine
1400 2187 1434 2260 S
1445 2187 1485 2273 C,
1504 2184 1653 2258 dabitur
1669 2183 1750 2282 ejus

291 2302 469 2380 velocitas
487 2302 524 2375 in
542 2299 614 2374 alia
639 2297 771 2396 quavis
791 2298 871 2374 alti-

292 2422 422 2498 tudine
446 2420 485 2493 Τ
492 2419 531 2492 C.
588 2418 648 2490 Ea
665 2441 749 2490 cum
772 2414 873 2491 velo-

293 2541 404 2616 citate
438 2537 528 2610 dato
562 2549 730 2632 tempore
760 2559 873 2631 quam

289 2772 456 2873 jectoriae
473 2794 552 2844 suae
570 2765 788 2865 particulam
813 2768 851 2841 T
850 2776 873 2855 t,

293 2889 417 2986 sitque
434 2888 473 2960 Ρ
473 2895 505 2983 p
522 2885 723 2984 vestigium
741 2884 821 2983 ejus
839 2884 876 2958 in
987 2905 996 2918 “

294 3005 407 3103 plano
452 3004 495 3077 Α
514 3003 599 3076 ΟΡ
640 3000 874 3098 descriptum.

294 3124 482 3222 jungatur
500 3121 566 3216 Op,
587 3118 623 3192 8z
640 3116 773 3192 circelli
791 3143 876 3192 cen-

295 3257 355 3316 tro
404 3240 443 3313 Τ
479 3233 673 3311 intervallo
721 3236 761 3308 T
776 3242 794 3307 t
840 3234 878 3308 in

295 3355 490 3454 superficie
540 3377 655 3427 curva
704 3349 878 3446 descripti

295 3470 496 3570 vestigium
515 3471 552 3543 in
569 3467 681 3566 plano
692 3467 819 3541 ΑΟΡ
830 3465 879 3539 sit

296 3588 437 3686 ellipsis
450 3587 540 3684 pQ.
596 3585 650 3658 Et
675 3583 724 3657 ob
750 3582 877 3656 datum

298 3703 554 3805 magnitudine
588 3697 774 3776 circellum
810 3700 850 3772 T
854 3709 878 3784 l,

298 3825 500 3919 datamque
525 3821 605 3919 ejus
631 3819 679 3892 ab
704 3842 775 3891 axe
802 3817 880 3890 CO

298 3941 513 4017 distantiam
538 3937 621 4011 TN
634 3932 695 4010 vel
713 3935 797 4022 ΡΟ,
815 3931 879 4005 da-

297 4062 398 4138 bitur
414 4057 552 4156 ellipsis
574 4054 635 4131 illa
650 4057 731 4153 pQ
757 4053 881 4151 specie

300 4179 336 4253 8z
354 4174 619 4276 magnitudine,
639 4171 735 4246 ut&
752 4170 879 4268 positi-

299 4313 380 4371 one·
390 4292 438 4367 ad
457 4305 595 4366 rectam
618 4290 711 4363 ΡΟ.
767 4287 880 4362 Cum-

298 4443 373 4515 que
390 4439 479 4488 area
494 4413 533 4485 Ρ
544 4413 614 4508 Op
632 4409 682 4484 sit
698 4406 856 4505 tempori
874 4395 1166 4503 proportionalis
1185 4410 1298 4493 atque
1316 4392 1401 4467 ideo
1418 4416 1467 4465 ex
1483 4388 1572 4463 dato
1590 4401 1757 4481 tempore

299 4534 418 4621 detur,
450 4530 598 4604 dabitur
626 4525 785 4627 angulus
814 4525 942 4619 Pop.
998 4519 1052 4591 Et
1082 4515 1168 4590 inde
1199 4512 1348 4588 dabitur
1377 4507 1549 4605 ellipseos
1581 4504 1617 4578 8ι
1646 4517 1757 4576 reetae

302 4653 370 4748 Op
400 4648 612 4723 intersectio
639 4641 845 4720 communis
866 4649 908 4737 p,
940 4659 1125 4710 unacum
1153 4627 1291 4731 angulo
1321 4629 1403 4702 ΟΡ
1402 4635 1436 4723 p
1461 4624 1499 4699 in
1526 4649 1601 4720 quo
1628 4621 1757 4719 trajec-

301 4768 406 4843 toriae
442 4765 641 4862 vestigium
675 4762 716 4836 A
731 4763 769 4835 P
769 4769 802 4858 p
828 4772 930 4834 secat
954 4754 1089 4829 lineam
1118 4752 1209 4825 ΟΡ.
1283 4745 1377 4821 Inde
1401 4769 1492 4818 vero
1521 4735 1760 4841 (conferendo
1904 4815 1906 4818 .
