4088 5768
847 375 989 435 arnan
1008 374 1194 436 Parnon
1683 394 1751 467 173

290 577 406 651 satam
433 573 631 671 ellipticam
658 588 736 647 tum
764 571 924 645 maxime
949 571 1140 662 accedunt,
1159 571 1222 643 ubi
1248 570 1418 644 attractio
1442 569 1554 642 MN
1576 568 1636 644 vel
1655 567 1755 642 nulla

290 709 360 780 est,
388 691 448 767 vel
476 716 588 789 quam
615 690 693 763 fieri
719 689 838 784 possit
868 689 1041 772 minima;
1071 688 1142 762 hoc
1168 703 1234 774 est,
1262 687 1325 760 ubi
1356 712 1551 783 corporum
1580 687 1620 759 P
1649 686 1686 759 8t
1723 686 1761 758 T
1835 755 1836 760 ,

289 809 530 882 attractiones
560 803 843 891 acceleratriceS,
874 805 982 878 factae
1016 831 1147 879 versus
1181 830 1315 901 corpus
1350 805 1390 890 S,
1421 805 1603 877 accedunt
1637 828 1753 900 quan-

290 941 372 1000 tum
399 926 478 999 fieri
504 938 629 1021 potest
654 922 701 995 ad
728 920 1000 1018 aequalitatem3
1027 921 1064 994 id
1092 936 1160 1010 est,
1187 921 1250 994 ubi
1276 923 1445 996 attractio
1478 923 1512 995 S
1517 922 1569 995 N
1592 947 1665 996 non
1697 935 1756 994 est

290 1038 401 1127 nulla,
437 1065 559 1137 neque
594 1038 714 1112 minor
747 1039 900 1111 minima
933 1037 1192 1111 attractionum
1227 1039 1393 1111 omnium
1424 1039 1526 1129 SM,
1557 1040 1625 1112 sed
1660 1040 1756 1112 inter

290 1158 551 1232 attractionum
582 1156 747 1229 omnium
778 1156 875 1228 SM
899 1156 1098 1246 maximam
1125 1153 1161 1226 81
1192 1154 1382 1227 minimam
1413 1155 1518 1251 quasi
1549 1155 1754 1244 mediocris,

275 1275 363 1355 ,hoc
381 1290 447 1360 est,
467 1297 540 1346 non
560 1270 676 1346 multo
694 1274 812 1371 major
824 1298 946 1370 neque
960 1272 1076 1347 multo
1090 1274 1210 1346 minor
1222 1272 1440 1346 attractione
1458 1272 1492 1344 S
1498 1273 1551 1346 K.
1592 1273 1636 1363 Q.
1644 1274 1692 1346 E.
1700 1275 1751 1346 D.

363 1392 443 1465 Cas.
468 1416 498 1464 2.
530 1389 787 1464 Revolvantur
806 1391 885 1488 jam
912 1416 1067 1487 corpora
1093 1391 1235 1464 minora
1252 1391 1298 1475 P,
1318 1389 1352 1461 S
1375 1390 1470 1462 circa
1496 1390 1698 1462 maximum
1723 1391 1762 1463 Τ

293 1509 331 1582 in
366 1507 486 1605 planis
520 1507 697 1595 diversis;
734 1506 770 1579 n
798 1507 856 1580 vis
886 1508 994 1593 LM,
1023 1507 1171 1605 agendo
1201 1507 1405 1580 secundum
1436 1504 1570 1580 lineam
1600 1509 1638 1579 P
1655 1507 1694 1580 T
1717 1507 1754 1580 in

292 1624 406 1723 plano
432 1625 562 1698 orbitae
587 1626 677 1697 ΡΑ
691 1626 730 1697 Β
755 1624 876 1712 sitam,
896 1616 1236 1697 eundem'habebit
1253 1624 1425 1697 effectum
1443 1650 1486 1698 ac
1504 1625 1614 1721 priuS,
1634 1650 1756 1721 neque

293 1768 429 1839 corpus
462 1744 502 1816 P
535 1743 585 1815 de
618 1740 731 1838 plano
766 1741 897 1815 orbitae
932 1766 1011 1815 suae
1045 1740 1266 1823 deturbabit.
1321 1741 1378 1814 At
1411 1742 1468 1815 vis
1494 1741 1610 1816 altera
1637 1743 1689 1816 N
1695 1744 1754 1829 M,

292 1857 442 1958 agendo
476 1858 680 1931 secundum
715 1855 850 1931 lineam
886 1883 970 1954 quae
999 1858 1068 1954 ipsi
1099 1859 1134 1931 S
1149 1858 1187 1931 T
1209 1856 1384 1954 parallela
1413 1872 1471 1931 est
1504 1859 1630 1956 (atque
1660 1858 1763 1945 ideo,

293 1974 446 2072 quando
480 2000 614 2071 corpus
649 1975 683 2047 S
713 1991 884 2048 versatur
921 1990 1026 2047 extra
1063 1972 1199 2048 lineam
1237 1975 1430 2062 nodorum,
1472 1973 1667 2048 inclinatur
1707 1974 1756 2047 ad

292 2091 446 2191 planum
472 2093 603 2167 orbitae
628 2093 716 2165 ΡΑ
733 2093 784 2190 Β)
805 2108 941 2189 praeter
957 2093 1272 2188 perturbationem
1290 2109 1414 2166 motus
1431 2093 1467 2166 in
1487 2091 1756 2191 longitudinem

286 2212 369 2312 jam
395 2225 481 2284 ante
511 2210 729 2307 expositam,
758 2210 908 2283 inducet
942 2209 1257 2306 perturbationem
1289 2225 1412 2283 motus
1443 2210 1480 2283 in
1510 2209 1755 2298 latitudinem,

293 2328 477 2402 trahendo
494 2352 627 2424 corpus
644 2328 683 2400 P
700 2327 748 2400 de
766 2326 877 2422 plano
895 2353 973 2400 suae
991 2327 1131 2400 orbitae.
1189 2327 1243 2399 Et
1259 2326 1339 2399 haec
1357 2326 1593 2422 perturbatio,
1613 2327 1650 2400 in
1668 2328 1757 2400 dato

293 2445 429 2542 quovis
455 2470 651 2541 corporum
677 2444 715 2516 P
741 2443 777 2516 dr
811 2444 848 2515 T
871 2443 919 2516 ad
948 2443 1106 2516 invicem
1132 2443 1214 2529 situ,
1242 2443 1312 2516 erit
1337 2458 1378 2516 ut
1403 2443 1461 2516 vis
1488 2441 1549 2517 illa
1573 2468 1757 2543 generans
1841 2472 1849 2481 ·

293 2562 412 2649 MN,
445 2561 603 2658 ideoque
634 2562 786 2635 minima
816 2560 952 2634 evadet
982 2559 1045 2632 ubi
1075 2560 1189 2631 MN
1215 2573 1272 2632 est
1301 2560 1462 2648 minima,
1498 2561 1569 2635 hoc
1603 2577 1660 2634 est
1690 2560 1757 2657 (uti

289 2679 372 2779 jam
397 2677 568 2775 exposui)
597 2678 659 2751 ubi
685 2677 856 2751 attractio
883 2676 917 2748 S
923 2677 974 2747 N
997 2700 1071 2749 non
1098 2691 1156 2749 est
1182 2672 1298 2751 multo
1329 2678 1456 2776 major,
1488 2703 1610 2775 neque
1641 2676 1758 2751 multo
1812 2764 1815 2768 .

295 2797 418 2870 minor
434 2796 651 2869 attractione
669 2796 703 2868 S
710 2796 759 2867 K
756 2853 770 2896 ‚⁹
821 2794 865 2883 Q.
879 2794 927 2867 E.
941 2795 991 2869 D.

365 2913 482 2987 Corol.
510 2938 537 2986 1.
569 2913 630 2984 Ex
657 2911 715 2985 his
741 2909 848 2984 facile
874 2908 1067 3008 colligitur,
1095 2909 1207 3007 quod,
1234 2911 1265 2984 si
1296 2937 1450 3008 corpora
1479 2910 1585 3009 plura
1615 2913 1758 2986 minora

294 3032 342 3117 P,
371 3030 411 3117 S,
438 3031 487 3116 R,
516 3028 582 3102 &c
612 3026 851 3102 revolvantur
876 3027 972 3100 circa
998 3028 1199 3101 maximum
1233 3028 1274 3116 T,
1302 3045 1424 3103 motus
1450 3030 1613 3128 corporis
1640 3031 1759 3104 intimi
1861 3069 1863 3075 ·

293 3149 333 3221 P
359 3147 510 3220 minime
536 3144 810 3242 perturbabitur
834 3145 1114 3236 attractionibus
1140 3147 1374 3236 exteriorum,
1393 3148 1456 3220 ubi
1483 3173 1616 3244 corpus
1642 3148 1757 3220 maxi-

295 3289 401 3338 mum
438 3264 477 3342 T
500 3263 637 3359 pariter
662 3288 685 3335 a
712 3263 865 3350 caeteris,
893 3288 961 3358 pro
988 3263 1130 3336 ratione
1156 3263 1289 3335 virium
1315 3261 1620 3361 acceleratricum,
1646 3280 1758 3338 attra-

296 3383 398 3457 hitur
415 3382 452 3455 8t
468 3381 637 3480 agitatur,
657 3398 770 3477 atque
788 3396 923 3454 caetera
940 3406 962 3453 a
980 3406 1021 3454 se
1039 3397 1176 3455 mutuo.

369 3500 487 3573 Corol.
515 3523 545 3572 2.
579 3498 622 3570 ln
649 3513 853 3594 systemate
878 3523 970 3572 vero
995 3497 1106 3571 trium
1133 3522 1326 3593 corporum
1359 3497 1401 3588 T,
1429 3498 1475 3584 P,
1503 3499 1543 3586 S,
1570 3499 1601 3571 si
1628 3514 1759 3572 attrac-

296 3615 416 3692 tiones
430 3613 702 3688 acceleratrices
715 3615 886 3688 binorum
900 3639 1205 3711 quorumcunque
1223 3614 1259 3687 in
1278 3614 1427 3687 tertium
1444 3615 1519 3688 sint
1535 3615 1582 3687 ad
1602 3615 1759 3689 invicem

295 3732 484 3829 reciproce
518 3746 559 3803 ut
594 3729 775 3826 quadrata
803 3731 1081 3817 distantiarum;
1117 3757 1250 3828 corpus
1284 3731 1330 3816 P,
1367 3729 1471 3805 radio
1504 3732 1601 3821 PT,
1637 3757 1760 3805 aream

296 3849 395 3923 circa
420 3872 553 3943 corpus
588 3846 625 3918 T
644 3845 808 3921 velocius
835 3848 1020 3922 describet
1046 3874 1163 3945 prope
1185 3848 1535 3946 conjunctionemA
1557 3848 1593 3921 n
1611 3851 1759 3946 opposi-

298 3965 440 4039 tionem
463 3963 512 4052 B,
532 3988 645 4059 quam
671 3988 789 4060 prope
815 3965 1059 4061 quadraturas
1088 3966 1128 4052 C,
1147 3967 1197 4039 l).
1255 3965 1431 4063 Namque
1456 3966 1515 4039 vis
1540 3966 1661 4040 omnis
1687 3993 1762 4064 qua

298 4106 435 4177 corpus
469 4080 508 4152 P
541 4095 694 4177 urgetur
734 4079 770 4152 n
808 4107 941 4178 corpus
987 4082 1025 4155 T
1057 4107 1131 4156 non
1173 4098 1333 4180 urgetur,
1373 4108 1533 4180 quaeque
1572 4109 1645 4158 non
1683 4086 1762 4183 agit

298 4198 503 4274 secundum
538 4196 675 4270 lineam
709 4198 748 4270 P
764 4198 802 4269 T
830 4198 1012 4273 accelerat
1045 4198 1105 4273 vel
1140 4200 1304 4273 retardat
1337 4200 1623 4298 descriptionem
1654 4229 1759 4288 areae,

299 4315 455 4415 perinde
481 4330 522 4387 ut
548 4314 629 4410 ipsa
656 4314 691 4386 in
719 4314 1063 4411 consequentiavel
1090 4316 1126 4388 in
1147 4318 1405 4392 antecedentia
1425 4320 1602 4419 dirigitur.
1657 4320 1762 4393 Talis

298 4448 359 4508 est
389 4433 446 4506 vis
476 4432 524 4504 N
533 4431 594 4505 M.
653 4430 748 4504 Haec
781 4431 816 4503 in
848 4432 1003 4505 transitu
1035 4433 1198 4527 corporis
1227 4435 1266 4507 P
1294 4461 1317 4508 a
1349 4437 1383 4509 C
1413 4436 1461 4509 ad
1495 4438 1536 4508 A
1575 4437 1694 4510 tendit
1724 4438 1761 4510 in

297 4549 574 4646 consequentia,
594 4564 812 4644 motumque
838 4547 1039 4636 accelerat3
1066 4550 1152 4622 dein
1180 4576 1297 4646 usque
1316 4552 1363 4624 ad
1381 4553 1424 4624 D
1441 4553 1477 4625 in
1496 4554 1761 4640 antecedentia,

299 4667 338 4742 81
365 4681 507 4740 motum
534 4665 717 4750 retardat;
745 4681 824 4739 tum
851 4665 887 4737 in
913 4667 1178 4762 consequentia
1203 4692 1323 4763 usque
1348 4668 1396 4740 ad
1422 4671 1470 4755 B,
1498 4669 1535 4742 8t
1564 4667 1694 4745 ultimo
1724 4671 1761 4743 in

297 4783 559 4863 antecedentia
576 4782 803 4856 transeundo
820 4808 843 4855 a
859 4783 898 4854 B
914 4782 962 4855 ad
984 4784 1023 4856 C.
