4088 5768
730 365 872 425 LIBER
897 366 1098 428 TERTIUS.
1569 388 1642 460 493

257 561 469 659 Designent
495 560 529 632 S
552 557 679 646 solem,
705 559 790 647 T‚t‚
809 589 833 628 τ
859 559 928 633 tria
953 557 1034 635 loca
1060 574 1167 634 terrae
1194 560 1230 634 in
1257 563 1347 637 orbe
1374 587 1520 661 magno,
1547 562 1585 635 T
1589 562 1644 641 A,

188 689 206 753 t
220 680 268 765 B,
303 680 382 752 rC
413 679 630 752 observatas
673 692 748 751 tres
791 675 1052 775 longitudines*
1081 695 1259 768 cometae,
1291 682 1329 754 V
1358 697 1506 778 tempus
1550 679 1646 754 inter

187 797 488 870 observationem
513 797 671 891 primam
698 794 735 868 &
761 794 972 881 secundam,
1000 795 1053 868 W
1072 809 1219 892 tempus
1250 797 1346 871 inter
1372 797 1573 871 secundam
1602 820 1646 869 ac

187 915 342 1001 tertiam,
377 914 416 986 X
446 912 726 1012 longitudinem,
759 938 870 1008 quam
906 930 1052 986 cometa
1086 928 1166 987 toto
1196 912 1258 988 illo
1288 930 1456 1012 tempore
1486 941 1532 989 ea
1561 939 1644 987 cum

186 1032 391 1120 velocitate,
419 1059 532 1130 quam
562 1033 676 1107 habet
706 1032 743 1104 in
775 1031 950 1105 mediocri
980 1029 1119 1105 telluris
1149 1059 1173 1106 a
1198 1033 1276 1108 sole
1306 1035 1490 1121 distantia,
1509 1034 1645 1108 descri-

187 1150 275 1223 bere
301 1165 438 1246 posset,
462 1176 623 1247 quaeque
652 1148 734 1248 (per
764 1147 873 1223 corol.
897 1173 917 1242 3
944 1174 1047 1245 prop.
1076 1173 1128 1222 xL
1153 1149 1213 1227 lib.
1243 1151 1300 1251 111)
1329 1152 1552 1227 invenienda
1578 1167 1645 1238 est,
1693 1179 1697 1187 ·

187 1265 223 1338 81
254 1266 330 1339 tV
354 1266 657 1363 perpendiculum
689 1268 725 1340 in
756 1267 933 1341 chordam
971 1267 1009 1340 T
1013 1297 1044 1340 τ.
1113 1267 1157 1339 ln
1186 1270 1384 1343 observata
1413 1268 1646 1368 longitudine

188 1382 310 1455 media
327 1393 344 1455 l
353 1384 392 1455 B
408 1399 576 1457 sumatur
600 1399 788 1479 utcunque
814 1398 992 1480 punctum
1017 1385 1056 1456 B
1081 1410 1149 1480 pro
1179 1383 1261 1459 loco
1289 1401 1444 1460 cometae
1471 1387 1507 1459 in
1534 1385 1646 1482 plano

187 1497 375 1594 eclipticae,
403 1499 439 1572 81
471 1500 557 1573 inde
588 1525 718 1572 versus
749 1497 865 1572 solem
897 1499 931 1571 S
954 1499 1110 1572 ducatur
1139 1499 1236 1574 linea
1266 1502 1305 1574 B
1321 1503 1371 1593 E,
1403 1527 1488 1599 quae
1518 1503 1567 1576 sit
1597 1502 1645 1576 ad

187 1616 362 1713 sagittam
381 1625 398 1687 l
419 1616 459 1700 V,
481 1632 521 1689 ut
538 1631 754 1689 contentum
781 1616 850 1687 sub
877 1616 911 1688 S
918 1616 957 1688 B
987 1614 1023 1688 81
1051 1615 1113 1689 St
1136 1617 1242 1711 quud⁰
1261 1618 1309 1689 ad
1328 1619 1463 1691 cubum
1490 1619 1642 1715 hypote-

188 1758 291 1805 nusae
309 1733 481 1831 trianguli
501 1731 712 1831 rectanguli,
732 1734 835 1830 cujus
853 1731 968 1807 latera
985 1748 1072 1805 sunt
1098 1733 1132 1805 S
1139 1734 1178 1805 B
1201 1734 1238 1806 81
1261 1749 1419 1832 tangens
1442 1735 1646 1810 latitudinis

188 1865 344 1923 cometae
371 1851 407 1923 in
434 1851 694 1925 observatione
721 1851 884 1923 secunda
910 1850 958 1923 ad
990 1850 1133 1923 radium
1160 1850 1235 1922 tB.
1292 1850 1345 1923 Et
1370 1877 1437 1947 per
1467 1868 1644 1949 punctum

187 1966 228 2038 E
243 1981 376 2064 agatur
395 1966 476 2063 (per
501 1967 610 2066 hujus
636 1967 718 2042 lem.
740 1967 806 2065 vu)
828 1983 927 2041 recta
952 1967 993 2039 A
1009 1969 1051 2041 E
1067 1968 1106 2053 C,
1129 1967 1232 2064 cujus
1258 1982 1383 2062 partes
1412 1968 1454 2039 A
1471 1969 1519 2053 E,
1548 1970 1590 2042 E
1605 1970 1643 2055 C,

187 2084 235 2156 ad
254 2102 373 2158 rectas
399 2086 477 2158 ΤΑ
500 2085 619 2159 &TC
634 2087 851 2176 terminatae,
872 2085 946 2158 sint
964 2085 1012 2158 ad
1031 2085 1188 2158 invicem
1207 2099 1248 2156 ut
1269 2100 1436 2180 tempora
1464 2085 1550 2158 V&
1576 2087 1646 2160 W:

188 2200 350 2275 &erunt
366 2202 407 2274 A
430 2202 466 2275 &
487 2203 521 2276 C
535 2202 616 2292 loca
633 2220 789 2277 cometae
816 2203 852 2275 in
881 2201 992 2298 plano
1023 2200 1201 2298 eclipticae
1232 2201 1268 2273 in
1295 2201 1555 2276 observatione
1572 2205 1645 2299 pri-

187 2344 248 2391 ma
265 2346 308 2392 ac
326 2320 434 2393 tertia
454 2322 745 2416 quamproxime,
765 2321 795 2394 si
815 2320 928 2394 modo
945 2321 983 2392 B
1000 2320 1047 2393 sit
1073 2318 1175 2393 locus
1201 2319 1281 2417 ejus
1307 2335 1407 2393 recte
1432 2336 1646 2417 assumptus

188 2437 225 2510 in
243 2438 504 2512 observatione
523 2438 694 2511 secunda.

255 2554 320 2628 Ad
338 2555 379 2627 A
400 2556 434 2628 C
447 2555 625 2628 bisectam
645 2556 680 2628 in
698 2557 729 2628 J
741 2556 842 2654 erige
859 2553 1165 2652 perpendiculum
1189 2555 1220 2626 I
1228 2554 1251 2627 i.
1309 2553 1380 2627 Per
1402 2569 1581 2650 punctum
1607 2554 1647 2626 Β

187 2699 258 2771 age
276 2672 456 2747 occultam
476 2675 513 2745 B
526 2675 544 2746 i
567 2673 635 2769 ipsi
662 2674 703 2745 A
724 2674 758 2746 C
768 2671 989 2769 parallelam.
1042 2672 1167 2769 Junge
1185 2669 1366 2745 occultam
1384 2671 1418 2743 S
1426 2671 1444 2744 i
1458 2687 1646 2745 secantem

185 2793 227 2864 A
249 2795 283 2866 C
296 2793 332 2866 in
359 2798 392 2878 λ,
413 2792 448 2864 8ι
477 2790 623 2888 comple
649 2790 1034 2890 parallelogrammum
1062 2791 1189 2863 illu.
1245 2789 1350 2886 Cape
1375 2791 1436 2862 [σ
1462 2788 1645 2887 aequalem

188 2910 252 3001 3]
258 2915 293 2997 λ,
322 2909 358 2981 &
384 2935 452 3005 per
476 2909 592 2983 solem
620 2910 654 2981 S
677 2935 748 3007 age
775 2908 956 2983 occultam
983 2908 1041 3004 σξ
1065 2906 1246 3005 aequalem
1276 2907 1525 3001 3Scr÷3i>t
1593 2909 1646 2982 Et

186 3024 318 3099 deletis
339 3027 418 3123 jam
449 3025 563 3100 literis
590 3028 645 3112 A,
671 3027 719 3112 E,
751 3028 790 3112 C,
818 3027 851 3112 l,
879 3053 901 3100 a
932 3042 1070 3122 puncto
1095 3027 1134 3098 B
1160 3050 1291 3098 versus
1318 3042 1496 3121 punctum
1526 3026 1549 3122 ξ
1572 3025 1645 3100 duc

183 3143 365 3218 occultam
384 3171 518 3219 novam
538 3146 636 3230 BE,
657 3171 742 3241 quae
769 3146 816 3218 sit
842 3145 890 3218 ad
917 3145 1080 3242 priorem
1106 3146 1196 3217 BE
1221 3145 1257 3216 in
1285 3143 1471 3241 duplicata
1502 3145 1645 3219 ratione

183 3267 470 3340 distantiae-BS
483 3266 531 3338 ad
551 3266 797 3362 quantitatem
824 3267 858 3339 S
866 3265 1033 3365 μψὲὶλ.
1090 3266 1143 3338 Et
1162 3289 1228 3360 per
1255 3280 1432 3360 punctum
1453 3264 1494 3336 E
1511 3265 1643 3337 iterum

112 3390 120 3402 '
183 3386 254 3458 duc
273 3380 410 3460 rectam
430 3385 470 3457 A
485 3385 526 3457 E
538 3385 572 3458 C
586 3385 717 3458 eadem
736 3384 820 3484 lege
837 3412 880 3459 ac
899 3386 1010 3481 prius,
1031 3385 1068 3458 id
1095 3400 1161 3470 est,
1182 3385 1233 3456 ita
1250 3398 1291 3455 ut
1309 3385 1388 3480 ejus
1406 3399 1530 3478 partes
1548 3385 1589 3456 A
1603 3386 1646 3458 E

184 3503 220 3576 u
238 3505 279 3576 E
292 3505 326 3576 C
347 3503 422 3576 sint
443 3502 490 3574 ad
510 3501 667 3574 invicem
687 3517 728 3574 ut
746 3517 915 3598 tempora
941 3503 1037 3575 inter
1059 3501 1338 3576 observationes
1366 3499 1453 3573 V&
1478 3501 1533 3573 W.
1591 3500 1642 3575 Et

183 3636 291 3694 erunt
308 3620 348 3691 A
371 3618 407 3692 81
428 3620 462 3691 C
475 3616 555 3692 loca
573 3634 729 3692 cometae
748 3620 866 3717 magis
884 3634 1062 3692 accurate.

252 3735 316 3807 Ad
335 3735 375 3806 A
396 3735 431 3807 C
452 3735 629 3808 bisectam
657 3735 693 3806 in
721 3735 750 3806 l
772 3736 961 3832 erigantur
985 3731 1247 3829 perpendicula
1277 3732 1318 3804 A
1337 3733 1395 3819 M,
1428 3734 1526 3820 CN,
1555 3735 1638 3822 lo,

183 3876 339 3948 quorum
358 3850 508 3924 AM&
530 3852 610 3924 CN
623 3852 697 3925 sint
714 3867 911 3949 tangentes
935 3849 1169 3923 latitudinum
1189 3851 1225 3923 in
1243 3851 1503 3926 observatione
1521 3853 1640 3948 prima

182 3994 225 4041 ac
244 3968 351 4041 tertia
368 3968 417 4040 ad
436 3968 559 4041 radios
585 3969 657 4041 TA
679 3968 803 4044 &rC
847 3968 1033 4065 Jungatur
1049 3968 1151 4040 MN
1163 3993 1292 4041 secans
1310 3969 1372 4041 10
1390 3969 1426 4041 in
1448 3971 1490 4043 0.
1539 3971 1636 4045 Con-

182 4085 355 4158 stituatur
385 4083 640 4181 rectangulum
668 4085 792 4172 ἱΙλμ
823 4100 864 4158 ut
894 4084 1005 4181 prius.
1077 4083 1121 4155 ln
1151 4085 1179 4155 J
1188 4084 1229 4156 A
1263 4084 1444 4180 producta
1474 4087 1640 4182 capiatur

182 4204 212 4275 l
224 4205 267 4275 D
300 4200 453 4299 aequalis
489 4203 523 4275 S
535 4242 557 4294 μ
578 4221 610 4286 ÷
632 4203 733 4282 ἓὶλ.
816 4200 966 4275 Deinde
1001 4201 1037 4273 in
1079 4198 1136 4272 M
1148 4201 1199 4273 N
1229 4226 1358 4274 versus
1394 4203 1444 4274 N
1473 4203 1639 4298 capiatur

181 4319 296 4404 MP,
331 4343 416 4415 quae
459 4319 506 4391 sit
540 4320 587 4392 ad
631 4317 899 4418 longitudinem
943 4335 1054 4413 supra
1095 4317 1283 4392 inventam
1329 4318 1368 4391 X
1415 4321 1450 4393 in
1499 4321 1636 4393 subdu-

182 4433 316 4530 plicata
347 4436 489 4509 ratione
524 4437 719 4510 mediocris
749 4434 934 4507 distantiae
961 4431 1099 4507 telluris
1130 4459 1152 4506 a
1182 4432 1260 4508 sole
1293 4433 1373 4533 (seu
1404 4436 1636 4512 semidiame-

183 4555 228 4626 tri
265 4554 364 4627 orbis
400 4553 539 4652 magni)
567 4554 615 4627 ad
651 4552 863 4626 distantiam
901 4551 996 4626 OD.
1068 4550 1109 4624 Si
1144 4567 1322 4647 punctum
1357 4555 1395 4626 P
1429 4554 1566 4629 incidat
1601 4557 1637 4630 in

183 4686 360 4767 punctum
379 4671 430 4742 N
436 4701 451 4755 ,·
476 4687 584 4744 erunt
600 4671 654 4757 A,
673 4671 720 4756 B,
743 4671 776 4742 C
791 4668 859 4741 tria
885 4665 967 4741 loca
991 4682 1155 4755 cometa,
1174 4692 1242 4764 per
1268 4693 1352 4765 quae
1378 4670 1477 4743 orbis
1495 4671 1575 4768 ejus
1602 4672 1638 4745 in
