4088 5768
714 395 1088 456 LHOERJOERHUS
1178 406 1181 412 '
1260 345 1263 351 ·
1559 420 1627 490 45¹

176 594 366 668 nodorum.
424 592 549 665 Est&
567 591 727 688 aequatio
746 608 943 677 menstrua,
962 591 1029 664 sed
1056 617 1139 687 quae
1167 592 1215 664 ad
1243 592 1494 665 inventionem
1512 591 1633 667 latitu-

175 711 271 784 dinis
298 710 394 782 lunae
421 710 572 782 minime
604 709 810 782 necessaria
839 723 906 781 est.
963 707 1064 779 Nam
1095 734 1179 780 cum
1207 709 1363 781 variatio
1390 708 1634 786 inclinationis

174 829 273 902 orbis
304 826 440 901 lunaris
468 828 516 900 ad
547 826 698 923 planum
733 823 911 921 eclipticae
945 825 1082 921 duplici
1114 824 1352 922 inaequalitati
1384 828 1545 900 obnoxia
1575 830 1632 915 sit,

174 945 277 1018 alteri
296 946 475 1034 semestri,
495 944 598 1017 alteri
617 959 741 1016 autem
760 959 979 1029 menstruae3
1007 941 1115 1038 hujus
1133 958 1322 1016 menstrua
1349 943 1578 1040 inaequalitas
1598 946 1634 1019 &

174 1063 335 1158 aquatio
353 1077 541 1135 menstrua
560 1061 741 1134 nodorum
760 1061 810 1133 ita
828 1085 868 1132 se
884 1076 1011 1133 mutuo
1030 1076 1310 1157 contemperant
1328 1062 1363 1134 81
1381 1064 1578 1164 corrigunt,
1593 1081 1634 1138 ut

174 1181 293 1251 ambae
312 1180 348 1251 in
367 1178 649 1253 determinanda
667 1177 861 1250 latitudine
878 1175 975 1251 lunae
996 1177 1131 1276 negligi
1151 1179 1302 1272 possint.

227 1297 343 1368 Corol.
377 1296 438 1368 Ex
474 1296 542 1368 hac
578 1295 613 1367 dc
647 1295 882 1390 praecedente
917 1295 1170 1390 propositione
1197 1293 1313 1389 liquet
1347 1294 1447 1390 quod
1478 1295 1564 1368 nodi
1597 1295 1633 1370 in

173 1414 333 1511 syzygiis
376 1414 453 1486 suis
497 1413 699 1509 quiescunt,
731 1413 768 1485 in
804 1412 1037 1508 quadraturis
1077 1428 1201 1483 autem
1236 1412 1495 1508 regrediuntur
1530 1429 1633 1486 motu

173 1531 319 1604 horario
352 1531 418 1603 16‘'
449 1529 629 1622 19‘'‘26⁵V.
686 1531 738 1602 Et
764 1529 865 1626 quod
893 1529 1054 1624 aequatio
1082 1544 1204 1600 motus
1232 1529 1413 1601 nodorum
1445 1531 1481 1601 in
1509 1546 1632 1604 octan-

173 1649 270 1721 tibus
299 1649 347 1720 sit
383 1660 431 1720 ΙΨ·
464 1647 531 1741 3o'.
596 1648 690 1741 Quae
721 1647 846 1720 omnia
876 1670 958 1717 cum
991 1644 1246 1740 phaenomenis
1277 1644 1489 1719 coelestibus
1517 1648 1632 1743 probe

175 1770 368 1866 quadrant.

805 2002 1001 2075 Scltolr‘um.

243 2204 330 2278 Alia
349 2205 490 2278 ratione
517 2218 658 2276 motum
685 2199 867 2274 nodorum
895 2198 940 2290 J.
960 2197 1117 2271 Macrin
1134 2199 1290 2271 Astron.
1312 2196 1422 2292 Prof.
1444 2197 1630 2271 Greslram.

175 2323 211 2395 dt
249 2325 346 2398 Her.
383 2323 596 2395 Pernberton
645 2319 753 2391 MD.
791 2343 958 2391 seorsum
1007 2317 1250 2389 invenerunt..
1306 2315 1431 2411 Hujus
1467 2314 1632 2386 methodi

174 2443 313 2515 mentio
331 2440 503 2537 quaedam
521 2437 607 2510 alibi
634 2436 731 2508 facta
754 2450 819 2507 est.
877 2434 929 2505 Et
945 2433 1137 2528 utriusque
1155 2432 1301 2518 chartae,
1322 2457 1414 2528 quas
1432 2431 1518 2513 vidi,
1538 2431 1632 2503 duas

173 2560 444 2656 propositiones
463 2554 701 2629 continebant
727 2551 763 2623 dt
782 2551 877 2622 inter
893 2576 933 2623 se
952 2551 988 2621 in
1007 2550 1172 2644 utrisque
1198 2551 1460 2647 congruebant.
1516 2549 1631 2621 Char-

174 2693 250 2749 tam
268 2702 359 2749 vero
380 2676 427 2748 D.
443 2673 609 2757 Machr'rr,
625 2695 708 2743 cum
727 2669 826 2765 prior
845 2670 880 2740 in
900 2693 1032 2741 manus
1050 2693 1153 2740 meas
1170 2666 1323 2753 venerit,
1343 2666 1401 2739 hic
1418 2666 1629 2764 adjungam.

558 2945 625 3018 Da
666 2942 798 3014 Moru
840 2939 1065 3014 Nooonuu
1108 2940 1252 3015 Luna.

708 3122 1038 3185 PROPOSITIO
1075 3122 1103 3180 L

246 3315 266 3347 “
279 3310 410 3382 Motus
434 3311 519 3383 solis
549 3315 686 3389 medius
712 3341 736 3387 a
770 3316 862 3388 nodo
886 3315 1068 3412 definitur
1083 3325 1156 3411 per
1180 3317 1336 3388 medium
1355 3314 1635 3411 proportionale

174 3436 195 3467 “
202 3429 456 3525 geometricum
482 3430 581 3502 inter
597 3443 733 3505 motum
751 3435 867 3528 rpsius
882 3434 968 3506 solis
985 3434 1142 3505 medium
1163 3435 1211 3510 ὅθ’
1224 3444 1361 3506 motum
1380 3434 1487 3505 illum
1503 3431 1629 3503 medio-

175 3553 194 3584 “
206 3573 299 3619 crem
317 3572 386 3642 qno
403 3548 459 3618 sol
472 3549 654 3621 celerrima
672 3551 801 3622 recedit
815 3578 839 3622 a
858 3550 947 3623 nodo
965 3552 1005 3621 in
1022 3551 1275 3646 quadraturis.

243 3727 333 3798 “Sit
375 3726 412 3798 T
440 3724 541 3798 locus
576 3727 638 3799 ubi
670 3743 775 3813 terra,
807 3730 857 3800 N
866 3755 892 3800 rr
927 3727 1023 3801 linea
1051 3729 1232 3801 nodorum
1267 3726 1365 3800 lunae
1399 3727 1446 3799 ad
1483 3743 1631 3821 tempus

175 3843 367 3938 “quodvis
395 3842 532 3927 datum,
556 3845 604 3915 K
619 3847 656 3916 T
662 3845 718 3916 M
739 3845 823 3917 huic
850 3845 897 3916 ad
925 3861 1044 3918 rectos
1067 3844 1226 3942 angulos
1253 3845 1373 3930 ducta,
1413 3844 1497 3916 TA
1532 3859 1633 3915 recta

175 3969 194 3996 “
209 3959 344 4031 circum
358 3973 523 4030 centrum
539 3959 735 4033 revolvens
749 3986 792 4032 ea
807 3987 889 4034 cum
904 3959 1100 4034 velocitate
1113 3960 1277 4059 angulari
1294 3987 1367 4058 qua
1381 3960 1435 4034 sol
1455 3960 1491 4033 dt
1511 3961 1631 4032 nodus

176 4085 232 4146 “a
250 4100 290 4146 se
309 4074 466 4146 invicem
486 4077 673 4166 recedunt,
694 4078 744 4148 ita
761 4093 803 4149 ut
820 4076 978 4175 angulus
997 4079 1092 4151 inter
1118 4095 1254 4151 rectam
1274 4078 1526 4173 quiescentem
1544 4077 1595 4147 N
1605 4103 1631 4147 rr

176 4205 193 4231 ‘⁴
210 4193 245 4265 dt
264 4192 517 4266 revolventem
543 4194 628 4267 TA
662 4220 810 4291 semper
828 4195 891 4267 fiat
909 4194 1061 4291 aequalis
1079 4196 1264 4268 distantiae
1291 4194 1454 4268 locorum
1481 4192 1568 4266 solis
1596 4191 1632 4264 81

175 4322 193 4349 ‘¹
209 4311 305 4385 nodi.
359 4312 444 4407 Jam
462 4313 492 4384 si
512 4329 611 4385 recta
629 4312 772 4410 quaevis
798 4313 890 4385 ΤΚ
903 4312 1091 4384 dividatur
1109 4313 1144 4384 in
1164 4328 1287 4408 partes
1313 4311 1351 4382 T
1345 4312 1379 4382 S
1396 4310 1432 4382 &
1450 4311 1483 4382 S
1486 4310 1533 4381 K
1547 4335 1631 4404 quae

99 4516 103 4523 .
176 4429 283 4500 “sint
301 4444 341 4501 ut
359 4443 481 4501 motus
499 4427 587 4501 solis
606 4429 772 4503 horarius
799 4430 943 4502 medius
970 4430 1017 4501 ad
1045 4446 1186 4502 motum
1205 4426 1389 4501 horarium
1409 4426 1632 4498 mediocrem

175 4547 295 4619 “nodi
316 4548 350 4618 in
371 4547 613 4642 quadraturis
633 4548 669 4620 ἃ
687 4563 846 4642 ponatur
863 4562 962 4619 recta
987 4547 1025 4618 T
1031 4547 1083 4620 H
1095 4546 1218 4618 media
1235 4543 1518 4641 proportionalis
1538 4545 1633 4618 inter

176 4677 194 4704 ‘⁴
210 4682 352 4762 partem
378 4663 416 4735 T
411 4664 445 4734 S
461 4662 496 4734 dr
515 4679 630 4736 totam
652 4665 737 4749 ΤΚ,
753 4664 835 4737 haec·
851 4679 950 4737 recta
968 4664 1064 4737 inter
1082 4662 1241 4758 reliquas
1261 4661 1544 4759 proportionalis
1563 4663 1632 4735 erit

178 4782 327 4856 “motui
347 4781 471 4854 medio
489 4778 576 4854 solis
594 4806 616 4854 a
636 4782 743 4855 nodo.
