<?xml version="1.0" encoding="UTF-8"?>
<!DOCTYPE html PUBLIC "-//W3C//DTD XHTML 1.0 Transitional//EN"
    "http://www.w3.org/TR/xhtml1/DTD/xhtml1-transitional.dtd">
<html xmlns="http://www.w3.org/1999/xhtml" xml:lang="en" lang="en">
 <head>
  <title>
</title>
<meta http-equiv="Content-Type" content="text/html;charset=utf-8" />
  <meta name='ocr-system' content='tesseract 3.04.00' />
  <meta name='ocr-capabilities' content='ocr_page ocr_carea ocr_par ocr_line ocrx_word'/>
</head>
<body>
  <div class='ocr_page' id='page_1' title='image "./sirisaacnewtons01newtgoog_0436.png"; bbox 0 0 4110 5782; ppageno 0'>
   <div class='ocr_carea' id='block_1_1' title="bbox 761 420 1124 493">
    <p class='ocr_par' dir='ltr' id='par_1_1' title="bbox 761 420 1124 493">
     <span class='ocr_line' id='line_1_1' title="bbox 761 420 1124 493; baseline 0.008 -6"><span class='ocrx_word' id='word_1_1' title='bbox 761 430 901 489; x_wconf 85' lang='lat' dir='ltr'><em>LIBER</em></span> <span class='ocrx_word' id='word_1_2' title='bbox 925 420 1124 493; x_wconf 79' lang='lat' dir='ltr'><em>TERTIUS.</em></span> 
     </span>
    </p>
   </div>
   <div class='ocr_carea' id='block_1_2' title="bbox 596 803 1287 889">
    <p class='ocr_par' dir='ltr' id='par_1_2' title="bbox 596 803 1287 889">
     <span class='ocr_line' id='line_1_2' title="bbox 596 803 1287 889; baseline 0 -4"><span class='ocrx_word' id='word_1_3' title='bbox 596 803 1287 889; x_wconf 80' lang='lat' dir='ltr'><em>PROPOSITIONES.</em></span> 
     </span>
    </p>
   </div>
   <div class='ocr_carea' id='block_1_3' title="bbox 463 1170 1423 1247">
    <p class='ocr_par' dir='ltr' id='par_1_3' title="bbox 463 1170 1423 1247">
     <span class='ocr_line' id='line_1_3' title="bbox 463 1170 1423 1247; baseline 0.002 -4"><span class='ocrx_word' id='word_1_4' title='bbox 463 1170 834 1245; x_wconf 89' lang='lat' dir='ltr'>PROPOSITIO</span> <span class='ocrx_word' id='word_1_5' title='bbox 888 1174 917 1247; x_wconf 90' lang='lat' dir='ltr'><strong>l.</strong></span> <span class='ocrx_word' id='word_1_6' title='bbox 990 1171 1346 1245; x_wconf 85' lang='lat' dir='ltr'>THEOREMA</span> <span class='ocrx_word' id='word_1_7' title='bbox 1393 1173 1423 1245; x_wconf 96' lang='lat' dir='ltr'><strong>l.</strong></span> 
     </span>
    </p>
   </div>
   <div class='ocr_carea' id='block_1_4' title="bbox 226 1383 1673 1618">
    <p class='ocr_par' dir='ltr' id='par_1_4' title="bbox 226 1383 1673 1618">
     <span class='ocr_line' id='line_1_4' title="bbox 226 1383 1673 1481; baseline 0.001 -24"><span class='ocrx_word' id='word_1_8' title='bbox 226 1386 338 1472; x_wconf 86' lang='lat' dir='ltr'><strong>Vires,</strong></span> <span class='ocrx_word' id='word_1_9' title='bbox 364 1385 495 1481; x_wconf 81' lang='lat' dir='ltr'><strong>qne&#39;bnr</strong></span> <span class='ocrx_word' id='word_1_10' title='bbox 512 1386 676 1480; x_wconf 78' lang='lat' dir='ltr'><strong>planete</strong></span> <span class='ocrx_word' id='word_1_11' title='bbox 698 1385 982 1481; x_wconf 64' lang='lat' dir='ltr'><strong>circumferentes</strong></span> <span class='ocrx_word' id='word_1_12' title='bbox 998 1394 1174 1481; x_wconf 77' lang='lat' dir='ltr'><strong>perpetuo</strong></span> <span class='ocrx_word' id='word_1_13' title='bbox 1199 1383 1447 1457; x_wconf 72' lang='lat' dir='ltr'><strong>retrahuntur</strong></span> <span class='ocrx_word' id='word_1_14' title='bbox 1470 1410 1494 1457; x_wconf 84' lang='lat' dir='ltr'><strong>n</strong></span> <span class='ocrx_word' id='word_1_15' title='bbox 1520 1384 1673 1461; x_wconf 81' lang='lat' dir='ltr'><strong>motibus</strong></span> 
     </span>
     <span class='ocr_line' id='line_1_5' title="bbox 267 1518 1672 1618; baseline 0.004 -28"><span class='ocrx_word' id='word_1_16' title='bbox 267 1518 460 1592; x_wconf 86' lang='lat' dir='ltr'><strong>rectilineis</strong></span> <span class='ocrx_word' id='word_1_17' title='bbox 491 1520 540 1596; x_wconf 51' lang='grc' dir='ltr'><strong>(θ’</strong></span> <span class='ocrx_word' id='word_1_18' title='bbox 574 1518 615 1590; x_wconf 88' lang='lat' dir='ltr'><strong>in</strong></span> <span class='ocrx_word' id='word_1_19' title='bbox 648 1519 792 1592; x_wconf 83' lang='lat' dir='ltr'><strong>orbibns</strong></span> <span class='ocrx_word' id='word_1_20' title='bbox 821 1521 898 1592; x_wconf 88' lang='lat' dir='ltr'><strong>snis</strong></span> <span class='ocrx_word' id='word_1_21' title='bbox 931 1521 1147 1607; x_wconf 75' lang='lat' dir='ltr'><strong>retinentur,</strong></span> <span class='ocrx_word' id='word_1_22' title='bbox 1180 1520 1349 1615; x_wconf 81' lang='lat' dir='ltr'><strong>respz&#39;cere</strong></span> <span class='ocrx_word' id='word_1_23' title='bbox 1376 1531 1541 1593; x_wconf 80' lang='lat' dir='ltr'><em>centrum</em></span> <span class='ocrx_word' id='word_1_24' title='bbox 1570 1522 1672 1618; x_wconf 85' lang='lat' dir='ltr'><strong>jovis</strong></span> 
     </span>
    </p>
   </div>
   <div class='ocr_carea' id='block_1_5' title="bbox 269 1653 1672 1750">
    <p class='ocr_par' dir='ltr' id='par_1_5' title="bbox 269 1653 1672 1750">
     <span class='ocr_line' id='line_1_6' title="bbox 269 1653 1672 1750; baseline -0.002 -19"><span class='ocrx_word' id='word_1_25' title='bbox 269 1655 318 1731; x_wconf 66' lang='grc' dir='ltr'><strong>ὣ*</strong></span> <span class='ocrx_word' id='word_1_26' title='bbox 354 1678 423 1727; x_wconf 89' lang='lat' dir='ltr'><strong>esse</strong></span> <span class='ocrx_word' id='word_1_27' title='bbox 456 1653 629 1747; x_wconf 76' lang='lat' dir='ltr'><em>reciproce</em></span> <span class='ocrx_word' id='word_1_28' title='bbox 664 1663 709 1725; x_wconf 91' lang='lat' dir='ltr'><strong>nt</strong></span> <span class='ocrx_word' id='word_1_29' title='bbox 750 1654 935 1750; x_wconf 79' lang='lat' dir='ltr'><strong>quadrata</strong></span> <span class='ocrx_word' id='word_1_30' title='bbox 968 1653 1235 1727; x_wconf 64' lang='lat' dir='ltr'><strong>deteanntzncn</strong></span> <span class='ocrx_word' id='word_1_31' title='bbox 1278 1654 1437 1727; x_wconf 79' lang='lat' dir='ltr'><strong>lecerunt</strong></span> <span class='ocrx_word' id='word_1_32' title='bbox 1471 1655 1515 1727; x_wconf 84' lang='lat' dir='ltr'><strong>ab</strong></span> <span class='ocrx_word' id='word_1_33' title='bbox 1558 1655 1672 1728; x_wconf 82' lang='lat' dir='ltr'><strong>eedem</strong></span> 
     </span>
    </p>
   </div>
   <div class='ocr_carea' id='block_1_6' title="bbox 267 1794 395 1858">
    <p class='ocr_par' dir='ltr' id='par_1_6' title="bbox 267 1794 395 1858">
     <span class='ocr_line' id='line_1_7' title="bbox 267 1794 395 1858; baseline 0.008 -1"><span class='ocrx_word' id='word_1_34' title='bbox 267 1794 395 1858; x_wconf 84' lang='lat' dir='ltr'><strong>centro.</strong></span> 
     </span>
    </p>
   </div>
   <div class='ocr_carea' id='block_1_7' title="bbox 217 1983 1673 2640">
    <p class='ocr_par' dir='ltr' id='par_1_7' title="bbox 217 1983 1673 2431">
     <span class='ocr_line' id='line_1_8' title="bbox 288 1983 1671 2082; baseline 0.004 -28"><span class='ocrx_word' id='word_1_35' title='bbox 288 1983 395 2055; x_wconf 89' lang='lat' dir='ltr'><strong>Patet</strong></span> <span class='ocrx_word' id='word_1_36' title='bbox 421 2008 507 2078; x_wconf 92' lang='lat' dir='ltr'><strong>pars</strong></span> <span class='ocrx_word' id='word_1_37' title='bbox 531 1984 630 2079; x_wconf 91' lang='lat' dir='ltr'><strong>prior</strong></span> <span class='ocrx_word' id='word_1_38' title='bbox 657 1984 919 2080; x_wconf 88' lang='lat' dir='ltr'><strong>propositionis</strong></span> <span class='ocrx_word' id='word_1_39' title='bbox 945 2009 1011 2080; x_wconf 91' lang='lat' dir='ltr'><strong>per</strong></span> <span class='ocrx_word' id='word_1_40' title='bbox 1037 1983 1309 2079; x_wconf 84' lang='lat' dir='ltr'><strong>phaenomenon</strong></span> <span class='ocrx_word' id='word_1_41' title='bbox 1336 1986 1495 2080; x_wconf 88' lang='lat' dir='ltr'><strong>primum</strong></span> <span class='ocrx_word' id='word_1_42' title='bbox 1524 1985 1559 2058; x_wconf 82' lang='grc' dir='ltr'><strong>8ι</strong></span> <span class='ocrx_word' id='word_1_43' title='bbox 1587 2012 1671 2082; x_wconf 93' lang='lat' dir='ltr'><strong>pro-</strong></span> 
     </span>
     <span class='ocr_line' id='line_1_9' title="bbox 217 2098 1673 2198; baseline 0.001 -26"><span class='ocrx_word' id='word_1_44' title='bbox 217 2099 440 2195; x_wconf 89' lang='lat' dir='ltr'><strong>positionem</strong></span> <span class='ocrx_word' id='word_1_45' title='bbox 465 2099 666 2172; x_wconf 85' lang='lat' dir='ltr'><strong>secundam</strong></span> <span class='ocrx_word' id='word_1_46' title='bbox 693 2098 752 2173; x_wconf 91' lang='lat' dir='ltr'><strong>vel</strong></span> <span class='ocrx_word' id='word_1_47' title='bbox 782 2101 927 2173; x_wconf 85' lang='lat' dir='ltr'><strong>tertiam</strong></span> <span class='ocrx_word' id='word_1_48' title='bbox 955 2099 1035 2173; x_wconf 88' lang='lat' dir='ltr'><strong>libri</strong></span> <span class='ocrx_word' id='word_1_49' title='bbox 1063 2100 1193 2197; x_wconf 90' lang='lat' dir='ltr'><strong>primi:</strong></span> <span class='ocrx_word' id='word_1_50' title='bbox 1221 2099 1257 2172; x_wconf 70' lang='lat'><strong>81</strong></span> <span class='ocrx_word' id='word_1_51' title='bbox 1284 2126 1371 2196; x_wconf 89' lang='lat' dir='ltr'><strong>pars</strong></span> <span class='ocrx_word' id='word_1_52' title='bbox 1400 2103 1581 2196; x_wconf 87' lang='lat' dir='ltr'><strong>posterior</strong></span> <span class='ocrx_word' id='word_1_53' title='bbox 1607 2127 1673 2198; x_wconf 89' lang='lat' dir='ltr'><strong>per</strong></span> 
     </span>
     <span class='ocr_line' id='line_1_10' title="bbox 217 2215 1672 2312; baseline 0.001 -25"><span class='ocrx_word' id='word_1_54' title='bbox 217 2215 490 2312; x_wconf 82' lang='lat' dir='ltr'><strong>phaenomenon</strong></span> <span class='ocrx_word' id='word_1_55' title='bbox 526 2216 687 2311; x_wconf 89' lang='lat' dir='ltr'><strong>primum</strong></span> <span class='ocrx_word' id='word_1_56' title='bbox 718 2217 753 2289; x_wconf 85' lang='lat'>&amp;</span> <span class='ocrx_word' id='word_1_57' title='bbox 788 2215 1018 2290; x_wconf 85' lang='lat' dir='ltr'><strong>corollarium</strong></span> <span class='ocrx_word' id='word_1_58' title='bbox 1051 2233 1198 2291; x_wconf 85' lang='lat' dir='ltr'><strong>sextum</strong></span> <span class='ocrx_word' id='word_1_59' title='bbox 1228 2216 1491 2312; x_wconf 91' lang='lat' dir='ltr'><strong>propositionis</strong></span> <span class='ocrx_word' id='word_1_60' title='bbox 1531 2232 1672 2312; x_wconf 85' lang='lat' dir='ltr'><strong>quartae</strong></span> 
     </span>
     <span class='ocr_line' id='line_1_11' title="bbox 218 2331 494 2431; baseline -0.011 -24"><span class='ocrx_word' id='word_1_61' title='bbox 218 2333 385 2431; x_wconf 83' lang='lat' dir='ltr'><strong>ejusdem</strong></span> <span class='ocrx_word' id='word_1_62' title='bbox 403 2331 494 2405; x_wconf 91' lang='lat' dir='ltr'><strong>libri.</strong></span> 
     </span>
    </p>

    <p class='ocr_par' dir='ltr' id='par_1_8' title="bbox 219 2446 1673 2640">
     <span class='ocr_line' id='line_1_12' title="bbox 289 2446 1673 2547; baseline 0.001 -26"><span class='ocrx_word' id='word_1_63' title='bbox 289 2450 394 2522; x_wconf 88' lang='lat' dir='ltr'><strong>Idem</strong></span> <span class='ocrx_word' id='word_1_64' title='bbox 423 2448 586 2547; x_wconf 84' lang='lat' dir='ltr'><strong>intellige</strong></span> <span class='ocrx_word' id='word_1_65' title='bbox 612 2450 661 2523; x_wconf 88' lang='lat' dir='ltr'><strong>de</strong></span> <span class='ocrx_word' id='word_1_66' title='bbox 689 2446 846 2545; x_wconf 88' lang='lat' dir='ltr'><strong>planetis</strong></span> <span class='ocrx_word' id='word_1_67' title='bbox 877 2450 940 2546; x_wconf 94' lang='lat' dir='ltr'><strong>qui</strong></span> <span class='ocrx_word' id='word_1_68' title='bbox 968 2465 1159 2523; x_wconf 88' lang='lat' dir='ltr'><strong>saturnum</strong></span> <span class='ocrx_word' id='word_1_69' title='bbox 1188 2449 1419 2535; x_wconf 86' lang='lat' dir='ltr'><strong>comitantur,</strong></span> <span class='ocrx_word' id='word_1_70' title='bbox 1439 2474 1507 2545; x_wconf 88' lang='lat' dir='ltr'><strong>per</strong></span> <span class='ocrx_word' id='word_1_71' title='bbox 1523 2448 1673 2545; x_wconf 85' lang='lat' dir='ltr'><strong>phaeno-</strong></span> 
     </span>
     <span class='ocr_line' id='line_1_13' title="bbox 219 2567 586 2640; baseline 0.003 -2"><span class='ocrx_word' id='word_1_72' title='bbox 219 2591 354 2640; x_wconf 90' lang='lat' dir='ltr'><strong>menon</strong></span> <span class='ocrx_word' id='word_1_73' title='bbox 373 2567 586 2639; x_wconf 86' lang='lat' dir='ltr'><strong>secundum.</strong></span> 
     </span>
    </p>
   </div>
   <div class='ocr_carea' id='block_1_8' title="bbox 440 2824 1497 2936">
    <p class='ocr_par' dir='ltr' id='par_1_9' title="bbox 440 2824 1497 2936">
     <span class='ocr_line' id='line_1_14' title="bbox 440 2824 1497 2936; baseline -0.001 -39"><span class='ocrx_word' id='word_1_74' title='bbox 440 2825 812 2899; x_wconf 86' lang='lat' dir='ltr'>PROPOSITIO</span> <span class='ocrx_word' id='word_1_75' title='bbox 859 2827 918 2899; x_wconf 93' lang='lat' dir='ltr'><strong>ll.</strong></span> <span class='ocrx_word' id='word_1_76' title='bbox 992 2824 1349 2898; x_wconf 85' lang='lat' dir='ltr'><strong>THEOREMA</strong></span> <span class='ocrx_word' id='word_1_77' title='bbox 1398 2825 1456 2898; x_wconf 93' lang='lat' dir='ltr'><strong>ll.</strong></span> <span class='ocrx_word' id='word_1_78' title='bbox 1496 2932 1497 2936; x_wconf 7' lang='grc' dir='ltr'><strong>Ἴ</strong></span> 
     </span>
    </p>
   </div>
   <div class='ocr_carea' id='block_1_9' title="bbox 228 3018 1676 3393">
    <p class='ocr_par' dir='ltr' id='par_1_10' title="bbox 228 3018 1676 3393">
     <span class='ocr_line' id='line_1_15' title="bbox 228 3018 1673 3118; baseline 0.001 -25"><span class='ocrx_word' id='word_1_79' title='bbox 228 3021 340 3109; x_wconf 88' lang='lat' dir='ltr'><strong>Vires,</strong></span> <span class='ocrx_word' id='word_1_80' title='bbox 358 3023 489 3118; x_wconf 82' lang='lat' dir='ltr'><strong>qnibns</strong></span> <span class='ocrx_word' id='word_1_81' title='bbox 496 3024 659 3117; x_wconf 78' lang='lat' dir='ltr'><strong>planete</strong></span> <span class='ocrx_word' id='word_1_82' title='bbox 664 3022 854 3118; x_wconf 75' lang='lat' dir='ltr'><strong>primarii</strong></span> <span class='ocrx_word' id='word_1_83' title='bbox 866 3018 1043 3118; x_wconf 69' lang='lat' dir='ltr'><strong>perpetue</strong></span> <span class='ocrx_word' id='word_1_84' title='bbox 1061 3022 1310 3094; x_wconf 86' lang='lat' dir='ltr'><strong>retrnlenntnr</strong></span> <span class='ocrx_word' id='word_1_85' title='bbox 1324 3048 1348 3093; x_wconf 84' lang='lat' dir='ltr'><strong>e</strong></span> <span class='ocrx_word' id='word_1_86' title='bbox 1366 3022 1519 3095; x_wconf 87' lang='lat' dir='ltr'><strong>metibus</strong></span> <span class='ocrx_word' id='word_1_87' title='bbox 1541 3021 1673 3095; x_wconf 84' lang='lat' dir='ltr'><strong>rectili-</strong></span> 
     </span>
     <span class='ocr_line' id='line_1_16' title="bbox 268 3157 1676 3253; baseline 0.001 -25"><span class='ocrx_word' id='word_1_88' title='bbox 268 3158 343 3229; x_wconf 90' lang='lat' dir='ltr'><strong>neis</strong></span> <span class='ocrx_word' id='word_1_89' title='bbox 367 3158 416 3234; x_wconf 51' lang='grc' dir='ltr'><strong>(θ’</strong></span> <span class='ocrx_word' id='word_1_90' title='bbox 433 3157 474 3228; x_wconf 92' lang='lat' dir='ltr'><strong>in</strong></span> <span class='ocrx_word' id='word_1_91' title='bbox 491 3157 635 3230; x_wconf 83' lang='lat' dir='ltr'><strong>orbibus</strong></span> <span class='ocrx_word' id='word_1_92' title='bbox 650 3158 727 3230; x_wconf 85' lang='lat' dir='ltr'><strong>sen&#39;s</strong></span> <span class='ocrx_word' id='word_1_93' title='bbox 745 3157 958 3241; x_wconf 76' lang='lat' dir='ltr'><strong>retinentur,</strong></span> <span class='ocrx_word' id='word_1_94' title='bbox 979 3157 1147 3252; x_wconf 77' lang='lat' dir='ltr'><strong>respicere</strong></span> <span class='ocrx_word' id='word_1_95' title='bbox 1161 3158 1268 3230; x_wconf 79' lang='lat' dir='ltr'><strong>selein</strong></span> <span class='ocrx_word' id='word_1_96' title='bbox 1294 3158 1342 3235; x_wconf 53' lang='grc' dir='ltr'><strong>ὅτ</strong></span> <span class='ocrx_word' id='word_1_97' title='bbox 1358 3183 1427 3230; x_wconf 84' lang='lat' dir='ltr'><strong>esse</strong></span> <span class='ocrx_word' id='word_1_98' title='bbox 1443 3159 1616 3253; x_wconf 76' lang='lat' dir='ltr'><strong>reciproce</strong></span> <span class='ocrx_word' id='word_1_99' title='bbox 1633 3168 1676 3230; x_wconf 86' lang='lat' dir='ltr'><strong>ut</strong></span> 
     </span>
     <span class='ocr_line' id='line_1_17' title="bbox 267 3291 1074 3393; baseline -0.001 -29"><span class='ocrx_word' id='word_1_100' title='bbox 267 3291 452 3387; x_wconf 83' lang='lat' dir='ltr'><strong>qeeedrata</strong></span> <span class='ocrx_word' id='word_1_101' title='bbox 469 3292 735 3393; x_wconf 75' lang='lat' dir='ltr'><strong>distantiarum</strong></span> <span class='ocrx_word' id='word_1_102' title='bbox 751 3292 796 3364; x_wconf 85' lang='lat' dir='ltr'><strong>ab</strong></span> <span class='ocrx_word' id='word_1_103' title='bbox 814 3291 930 3386; x_wconf 76' lang='lat' dir='ltr'><strong>ipsius</strong></span> <span class='ocrx_word' id='word_1_104' title='bbox 945 3299 1074 3363; x_wconf 88' lang='lat' dir='ltr'><strong>centro.</strong></span> 
     </span>
    </p>
   </div>
   <div class='ocr_carea' id='block_1_10' title="bbox 219 3484 1675 4281">
    <p class='ocr_par' dir='ltr' id='par_1_11' title="bbox 219 3484 1675 3930">
     <span class='ocr_line' id='line_1_18' title="bbox 290 3484 1673 3584; baseline -0.001 -25"><span class='ocrx_word' id='word_1_105' title='bbox 290 3488 396 3561; x_wconf 86' lang='lat' dir='ltr'><strong>Patet</strong></span> <span class='ocrx_word' id='word_1_106' title='bbox 413 3513 498 3584; x_wconf 92' lang='lat' dir='ltr'><strong>pars</strong></span> <span class='ocrx_word' id='word_1_107' title='bbox 516 3488 616 3583; x_wconf 91' lang='lat' dir='ltr'><strong>prior</strong></span> <span class='ocrx_word' id='word_1_108' title='bbox 633 3488 895 3583; x_wconf 91' lang='lat' dir='ltr'><strong>propositionis</strong></span> <span class='ocrx_word' id='word_1_109' title='bbox 913 3513 981 3583; x_wconf 89' lang='lat' dir='ltr'><strong>per</strong></span> <span class='ocrx_word' id='word_1_110' title='bbox 1006 3486 1280 3582; x_wconf 83' lang='lat' dir='ltr'><strong>phaenomenon</strong></span> <span class='ocrx_word' id='word_1_111' title='bbox 1300 3485 1469 3582; x_wconf 90' lang='lat' dir='ltr'><strong>quintum</strong></span> <span class='ocrx_word' id='word_1_112' title='bbox 1488 3484 1524 3557; x_wconf 80' lang='lat' dir='ltr'><strong>8t</strong></span> <span class='ocrx_word' id='word_1_113' title='bbox 1542 3509 1673 3580; x_wconf 88' lang='lat' dir='ltr'><strong>propo·</strong></span> 
     </span>
     <span class='ocr_line' id='line_1_19' title="bbox 219 3600 1674 3700; baseline -0.001 -25"><span class='ocrx_word' id='word_1_114' title='bbox 219 3604 390 3677; x_wconf 88' lang='lat' dir='ltr'><strong>sitionem</strong></span> <span class='ocrx_word' id='word_1_115' title='bbox 421 3603 621 3678; x_wconf 87' lang='lat' dir='ltr'><strong>secundam</strong></span> <span class='ocrx_word' id='word_1_116' title='bbox 651 3603 733 3677; x_wconf 88' lang='lat' dir='ltr'><strong>libri</strong></span> <span class='ocrx_word' id='word_1_117' title='bbox 764 3605 890 3700; x_wconf 91' lang='lat' dir='ltr'><strong>primi:</strong></span> <span class='ocrx_word' id='word_1_118' title='bbox 923 3602 959 3675; x_wconf 72' lang='lat'><strong>81</strong></span> <span class='ocrx_word' id='word_1_119' title='bbox 985 3628 1069 3698; x_wconf 89' lang='lat' dir='ltr'><strong>pars</strong></span> <span class='ocrx_word' id='word_1_120' title='bbox 1099 3603 1281 3698; x_wconf 92' lang='lat' dir='ltr'><strong>posterior</strong></span> <span class='ocrx_word' id='word_1_121' title='bbox 1306 3627 1373 3697; x_wconf 91' lang='lat' dir='ltr'><strong>per</strong></span> <span class='ocrx_word' id='word_1_122' title='bbox 1403 3600 1674 3696; x_wconf 84' lang='lat' dir='ltr'><strong>phaenomenon</strong></span> 
     </span>
     <span class='ocr_line' id='line_1_20' title="bbox 220 3714 1675 3816; baseline -0.001 -25"><span class='ocrx_word' id='word_1_123' title='bbox 220 3735 391 3815; x_wconf 88' lang='lat' dir='ltr'><strong>quartum</strong></span> <span class='ocrx_word' id='word_1_124' title='bbox 423 3720 459 3792; x_wconf 71' lang='lat'><strong>81</strong></span> <span class='ocrx_word' id='word_1_125' title='bbox 494 3720 783 3815; x_wconf 89' lang='lat' dir='ltr'><strong>propositionem</strong></span> <span class='ocrx_word' id='word_1_126' title='bbox 818 3733 988 3816; x_wconf 84' lang='lat' dir='ltr'><strong>quartam</strong></span> <span class='ocrx_word' id='word_1_127' title='bbox 1018 3717 1185 3815; x_wconf 90' lang='lat' dir='ltr'><strong>ejusdem</strong></span> <span class='ocrx_word' id='word_1_128' title='bbox 1216 3714 1306 3790; x_wconf 91' lang='lat' dir='ltr'><strong>libri.</strong></span> <span class='ocrx_word' id='word_1_129' title='bbox 1387 3716 1675 3790; x_wconf 85' lang='lat' dir='ltr'><strong>Accuratissime</strong></span> 
     </span>
     <span class='ocr_line' id='line_1_21' title="bbox 220 3830 1671 3930; baseline -0.001 -23"><span class='ocrx_word' id='word_1_130' title='bbox 220 3851 344 3908; x_wconf 89' lang='lat' dir='ltr'><strong>autem</strong></span> <span class='ocrx_word' id='word_1_131' title='bbox 362 3837 637 3908; x_wconf 86' lang='lat' dir='ltr'><strong>demonstratur</strong></span> <span class='ocrx_word' id='word_1_132' title='bbox 654 3834 733 3906; x_wconf 84' lang='lat' dir='ltr'><strong>haec</strong></span> <span class='ocrx_word' id='word_1_133' title='bbox 752 3860 837 3930; x_wconf 89' lang='lat' dir='ltr'><strong>pars</strong></span> <span class='ocrx_word' id='word_1_134' title='bbox 864 3835 1125 3930; x_wconf 62' lang='lat' dir='ltr'><strong>proposin&#39;onis</strong></span> <span class='ocrx_word' id='word_1_135' title='bbox 1152 3859 1218 3929; x_wconf 89' lang='lat' dir='ltr'><strong>per</strong></span> <span class='ocrx_word' id='word_1_136' title='bbox 1244 3833 1406 3929; x_wconf 87' lang='lat' dir='ltr'><strong>quietem</strong></span> <span class='ocrx_word' id='word_1_137' title='bbox 1433 3830 1671 3929; x_wconf 87' lang='lat' dir='ltr'><strong>apheliorum.</strong></span> 
     </span>
    </p>

    <p class='ocr_par' dir='ltr' id='par_1_12' title="bbox 221 3948 1673 4281">
     <span class='ocr_line' id='line_1_22' title="bbox 291 3948 1668 4047; baseline -0.001 -24"><span class='ocrx_word' id='word_1_138' title='bbox 291 3953 391 4024; x_wconf 89' lang='lat' dir='ltr'><strong>Nam</strong></span> <span class='ocrx_word' id='word_1_139' title='bbox 426 3952 610 4025; x_wconf 89' lang='lat' dir='ltr'><strong>aberratio</strong></span> <span class='ocrx_word' id='word_1_140' title='bbox 646 3975 758 4047; x_wconf 91' lang='lat' dir='ltr'><strong>quam</strong></span> <span class='ocrx_word' id='word_1_141' title='bbox 785 3950 937 4022; x_wconf 90' lang='lat' dir='ltr'><strong>minima</strong></span> <span class='ocrx_word' id='word_1_142' title='bbox 963 3975 985 4022; x_wconf 94' lang='lat' dir='ltr'><strong>a</strong></span> <span class='ocrx_word' id='word_1_143' title='bbox 1012 3951 1152 4023; x_wconf 90' lang='lat' dir='ltr'><strong>ratione</strong></span> <span class='ocrx_word' id='word_1_144' title='bbox 1188 3949 1374 4047; x_wconf 87' lang='lat' dir='ltr'><strong>duplicata</strong></span> <span class='ocrx_word' id='word_1_145' title='bbox 1408 3950 1489 4046; x_wconf 89' lang='lat' dir='ltr'><strong>(per</strong></span> <span class='ocrx_word' id='word_1_146' title='bbox 1515 3948 1622 4025; x_wconf 89' lang='lat' dir='ltr'><strong>corol.</strong></span> <span class='ocrx_word' id='word_1_147' title='bbox 1657 3974 1668 4021; x_wconf 92' lang='lat'>1</span> 
     </span>
     <span class='ocr_line' id='line_1_23' title="bbox 221 4066 1673 4165; baseline 0 -25"><span class='ocrx_word' id='word_1_148' title='bbox 221 4094 322 4164; x_wconf 92' lang='lat' dir='ltr'><strong>prop.</strong></span> <span class='ocrx_word' id='word_1_149' title='bbox 344 4092 417 4141; x_wconf 76' lang='lat' dir='ltr'><strong>xtv</strong></span> <span class='ocrx_word' id='word_1_150' title='bbox 435 4066 495 4142; x_wconf 92' lang='lat' dir='ltr'><strong>lib.</strong></span> <span class='ocrx_word' id='word_1_151' title='bbox 519 4070 550 4163; x_wconf 90' lang='lat'><strong>1)</strong></span> <span class='ocrx_word' id='word_1_152' title='bbox 572 4084 714 4140; x_wconf 91' lang='lat' dir='ltr'><strong>motum</strong></span> <span class='ocrx_word' id='word_1_153' title='bbox 733 4068 905 4163; x_wconf 89' lang='lat' dir='ltr'><strong>apsidum</strong></span> <span class='ocrx_word' id='word_1_154' title='bbox 925 4067 960 4139; x_wconf 92' lang='lat' dir='ltr'><strong>in</strong></span> <span class='ocrx_word' id='word_1_155' title='bbox 979 4066 1135 4165; x_wconf 83' lang='lat' dir='ltr'><strong>singulis</strong></span> <span class='ocrx_word' id='word_1_156' title='bbox 1154 4068 1444 4142; x_wconf 88' lang='lat' dir='ltr'><strong>revolutionibus</strong></span> <span class='ocrx_word' id='word_1_157' title='bbox 1463 4066 1673 4157; x_wconf 85' lang='lat' dir='ltr'><strong>notabilem,</strong></span> 
     </span>
     <span class='ocr_line' id='line_1_24' title="bbox 223 4184 1010 4281; baseline 0 -25"><span class='ocrx_word' id='word_1_158' title='bbox 223 4186 259 4256; x_wconf 91' lang='lat' dir='ltr'><strong>in</strong></span> <span class='ocrx_word' id='word_1_159' title='bbox 278 4184 446 4281; x_wconf 90' lang='lat' dir='ltr'><strong>pluribus</strong></span> <span class='ocrx_word' id='word_1_160' title='bbox 464 4209 665 4269; x_wconf 88' lang='lat' dir='ltr'><strong>enormem,</strong></span> <span class='ocrx_word' id='word_1_161' title='bbox 685 4184 830 4273; x_wconf 81' lang='lat' dir='ltr'><strong>efficere</strong></span> <span class='ocrx_word' id='word_1_162' title='bbox 849 4184 1010 4257; x_wconf 87' lang='lat' dir='ltr'><strong>deberet.</strong></span> 
     </span>
    </p>
   </div>
   <div class='ocr_carea' id='block_1_11' title="bbox 0 0 2066 5782">
    <p class='ocr_par' dir='ltr' id='par_1_13' title="bbox 0 0 2066 5782">
     <span class='ocr_line' id='line_1_25' title="bbox 0 0 2066 5782; baseline 0 0"><span class='ocrx_word' id='word_1_163' title='bbox 0 0 2066 5782; x_wconf 95' lang='lat' dir='ltr'><strong> </strong></span> 
     </span>
    </p>
   </div>
  </div>
 </body>
</html>
