4110 5782
721 438 862 495 rieux
883 438 1070 497 sucuro
1078 439 1135 498 us
1585 462 1605 530 3
1611 461 1654 531 25

200 657 263 706 sus
280 634 319 705 B
336 632 533 718 movendo,
553 633 673 705 minus
692 631 883 705 resistetur
907 655 1019 728 quam
1037 629 1136 704 aliud
1164 634 1324 730 quodvis
1341 633 1472 707 eadem
1499 633 1657 732 longitu-

199 752 286 825 dine
305 750 552 826 &latitudine
569 749 795 845 descriptum
814 745 973 821 solidum
992 746 1175 820 circulare.

330 1090 704 1164 PROPOSITIO
756 1089 951 1201 xxxv.
1027 1052 1362 1164 mortrui
1414 1093 1518 1165 vu.

199 1306 248 1378 Si
262 1306 418 1379 medium
436 1333 568 1379 rarum
591 1333 633 1380 er
646 1307 849 1401 particulis
870 1332 981 1402 quern
998 1305 1163 1379 minimis
1184 1307 1439 1402 quiescentibus
1458 1309 1657 1404 equalibus

251 1441 300 1517 ὅθ’
315 1440 369 1512 ad
380 1440 533 1535 aeqzrales
548 1441 593 1512 ab
614 1439 765 1512 inuicem
780 1438 978 1511 distantias
994 1439 1103 1511 libere
1117 1438 1300 1534 dispositis
1315 1450 1468 1514 constet.-
1494 1442 1658 1515 z'rrueuire

248 1560 488 1645 resistentiur‘n
498 1572 603 1668 globi
617 1574 657 1644 iu
674 1571 736 1644 trec
753 1571 865 1643 nudie
879 1569 1120 1665 uniformiter
1129 1573 1402 1669 progredientis.

267 1806 346 1879 Ces.
374 1831 402 1878 1.
432 1795 630 1900 Cylindrus
660 1805 793 1878 eadem
823 1805 1004 1878 diametro
1039 1803 1075 1877 &
1105 1802 1298 1878 altitudine
1328 1805 1535 1902 descriptus
1570 1832 1653 1903 pro·

196 1923 303 2020 gredi
345 1920 569 2019 intelligatur
609 1921 740 1994 eadem
783 1920 979 1995 velocitate
1019 1922 1221 1995 secundum
1262 1919 1532 2019 longitudinem
1575 1923 1656 1996 axis

198 2041 254 2112 sui
283 2040 319 2112 in
349 2040 482 2113 eodem
513 2040 645 2113 medio.
702 2039 755 2111 Et
782 2064 964 2135 ponamus
992 2038 1092 2134 quod
1123 2036 1311 2133 particulae
1342 2039 1464 2126 medii,
1495 2039 1531 2111 in
1563 2065 1656 2135 quas

197 2155 332 2253 globus
360 2157 420 2230 vel
457 2155 643 2252 cylindrus
673 2156 807 2241 incidit,
837 2155 873 2227 vi
909 2155 1118 2229 reflexionis
1149 2180 1262 2251 quam
1293 2156 1453 2228 maxima
1482 2154 1653 2230 resiliant

201 2276 361 2348 Etcum
390 2275 599 2347 resistentia
625 2271 726 2371 globi
758 2272 839 2369 (per
866 2275 1156 2369 propositionem
1187 2272 1440 2369 novissimam)
1465 2273 1513 2345 sit
1542 2272 1657 2368 duplo

199 2391 320 2465 minor
347 2415 457 2486 quam
483 2390 691 2464 resistentia
717 2387 881 2485 cylindri,
907 2389 943 2463 8c
969 2390 1102 2488 globus
1130 2390 1178 2462 sit
1205 2389 1252 2460 ad
1282 2386 1486 2484 cylindrum
1515 2403 1556 2461 ut
1581 2389 1657 2462 duo

198 2508 246 2580 ad
273 2508 353 2597 tria,
373 2507 409 2579 81
435 2505 621 2603 cylindrus
648 2507 845 2581 incidendo
871 2504 1221 2604 perpendiculariter
1246 2505 1282 2576 in
1309 2503 1515 2599 particulas,
1541 2505 1655 2601 ipsas-

198 2650 272 2722 que
299 2649 411 2720 quam
442 2624 603 2696 maxime
633 2624 866 2710 reflectendo,
895 2623 1046 2721 duplam
1074 2623 1130 2695 sui
1162 2621 1276 2717 ipsius
1304 2618 1538 2694 velocitatem
1567 2620 1656 2717 ipsis

198 2741 470 2815 communicet:
506 2739 702 2836 cylindrus
735 2767 810 2837 quo
845 2756 1012 2837 tempore
1046 2738 1237 2813 dimidiam
1273 2736 1541 2835 longitudinem
1576 2739 1657 2811 axis

198 2859 254 2932 sui
283 2858 513 2932 uniformiter
541 2859 816 2956 progrediendo
844 2858 1026 2944 describit,
1056 2856 1342 2930 communicabit
1372 2873 1513 2929 motum
1544 2855 1654 2951 parti·

197 2974 297 3060 culiS,
328 2975 390 3071 qui
420 2976 469 3047 sit
496 2976 543 3047 ad
574 2990 693 3048 totum
714 2973 868 3071 cylindri
893 2990 1034 3048 motum
1061 2990 1102 3046 ut
1128 2973 1294 3047 densitas
1321 2973 1432 3047 medii
1458 2973 1506 3046 ad
1533 2974 1654 3047 densi·

197 3107 312 3164 tatem
341 3089 515 3186 cylindri;
544 3089 581 3163 dc
607 3088 751 3188 globus,
778 3116 852 3186 quo
880 3106 1047 3187 tempore
1077 3105 1193 3163 totam
1220 3089 1489 3188 longitudinem
1517 3092 1655 3168 diame-

197 3210 244 3282 tri
279 3234 356 3281 suae
391 3207 623 3281 uniformiter
659 3208 933 3304 progrediendo
972 3209 1155 3295 describit,
1192 3210 1477 3282 communicabit
1513 3225 1656 3286 motum

198 3326 358 3399 eundem
385 3322 592 3420 particulis;
621 3323 657 3396 du
683 3350 758 3419 quo
777 3339 943 3420 tempore
969 3325 1062 3397 duas
1080 3324 1206 3399 tertias
1233 3341 1357 3421 partes
1383 3326 1552 3399 diametri
1578 3352 1656 3404 suae

198 3441 381 3526 describit,
417 3440 702 3514 communicabit
736 3457 878 3514 motum
912 3438 1109 3537 particulis,
1140 3443 1204 3538 qui
1238 3443 1287 3515 sit
1320 3442 1367 3515 ad
1403 3458 1522 3516 totum
1555 3440 1657 3540 globi

199 3574 340 3631 motum
359 3572 400 3629 ut
426 3557 591 3630 densitas
610 3558 721 3631 medii
748 3559 796 3630 ad
823 3558 1045 3631 densitatem
1065 3555 1177 3655 globi.
1233 3559 1286 3632 Et
1311 3575 1507 3655 propterea
1522 3557 1656 3656 globus

199 3673 444 3745 resistentiam
470 3674 617 3768 patitur,
637 3698 720 3769 quae
739 3674 788 3746 sit
813 3673 861 3745 ad
880 3674 955 3746 vim
982 3699 1057 3769 qua
1081 3689 1180 3746 totus
1198 3676 1278 3772 ejus
1297 3689 1419 3748 motus
1437 3674 1497 3748 vel
1523 3675 1656 3750 auferri

199 3792 318 3885 possit
348 3789 407 3863 vel
441 3791 611 3888 generari
646 3816 722 3887 quo
753 3806 920 3886 tempore
947 3792 1040 3865 duas
1071 3791 1197 3865 tertias
1228 3807 1351 3887 partes
1381 3790 1550 3863 diametri
1579 3816 1656 3868 suae

199 3905 430 3979 uniformiter
457 3907 731 4004 progrediendo
759 3907 942 3991 describit,
967 3923 1009 3981 ut
1031 3907 1195 3983 densitas
1220 3906 1333 3983 medii
1360 3907 1408 3981 ad
1434 3907 1657 3983 densitatem

197 4019 308 4119 globi.

268 4140 348 4211 Cas.
371 4163 400 4212 2.
433 4140 619 4212 Ponamus
645 4140 745 4236 quod
774 4138 962 4236 particulae
988 4140 1100 4213 medii
1129 4141 1164 4212 in
1192 4139 1344 4239 globum
1366 4139 1425 4215 vel
1452 4139 1657 4236 cylindrum

199 4254 404 4327 incidentes
429 4280 502 4328 non
530 4256 784 4343 reflectantur;
812 4255 1059 4353 &cylindrus
1086 4255 1282 4329 incidendo
1308 4256 1659 4351 perpendiculariter

107 4422 110 4427 ·
192 4370 235 4442 'in
254 4370 451 4465 particulas
469 4370 673 4467 simplicem
692 4398 798 4446 suam
816 4373 1051 4448 velocitatem
1080 4373 1167 4469 ipsis
1185 4373 1479 4458 communicabit,
1499 4372 1657 4471 ideoque

198 4487 444 4560 resistentiam
463 4488 602 4583 patitur
619 4489 733 4585 duplo
752 4492 932 4564 minorem
950 4516 1062 4586 quam
1082 4491 1118 4562 in
1141 4490 1263 4585 priore
1280 4515 1376 4576 casu,
1397 4489 1659 4568 &resistentia

196 4602 298 4702 globi
317 4605 386 4677 erit
405 4606 518 4678 etiam
537 4604 652 4701 duplo
671 4607 790 4681 minor
807 4632 919 4704 quam
938 4607 1048 4703 prius

269 4723 303 4795 C
300 4749 349 4795 us.
374 4748 404 4815 3.
439 4724 625 4797 Ponamus
639 4724 739 4819 quod
758 4722 946 4820 particulae
960 4722 1072 4796 medii
1086 4721 1125 4796 vi
1139 4722 1348 4797 reflexionis
1362 4747 1483 4821 neque
1498 4725 1659 4800 maxima

198 4862 320 4936 neque
339 4838 447 4926 nulla,
467 4840 534 4913 sed
560 4842 735 4915 mediocri
754 4840 878 4938 aliqua
895 4840 1058 4917 resiliant
1075 4865 1098 4916 a
1117 4838 1250 4940 globo;
1280 4840 1541 4919 &resistentia
1557 4839 1659 4941 globi
