4110 5782
440 404 513 492 418
917 397 983 456 DE
1003 398 1169 458 MUNDI
1185 400 1211 458 S
1218 399 1456 459 l'STEMATE

441 597 568 671 chroni
599 594 750 691 penduli
780 593 995 667 Parisiensis
1023 619 1177 667 excessu
1196 592 1302 667 lineae
1329 595 1437 667 unius
1465 595 1501 667 &
1529 598 1575 689 87
1594 597 1755 692 partium
1784 599 1909 672 mille-

442 716 615 787 simarum
634 711 749 787 lineae.
806 711 858 783 Et
875 711 983 785 simili
1002 726 1176 808 computo
1195 712 1307 785 confit
1324 711 1450 785 tabula
1467 738 1637 808 sequens.

1277 1470 1280 1483 .

1106 1521 1192 1596 7,482
1278 1550 1280 1555 ·

520 3872 676 3945 Constat
699 3888 823 3944 autem
851 3869 1029 3965 perhanc
1056 3867 1218 3941 tabulam
1237 3871 1339 3965 quod
1364 3872 1547 3969 graduum
1575 3872 1803 3969 inaequalitas
1830 3888 1908 3944 tam

451 4015 567 4085 parva
585 3989 642 4078 sit,
661 4008 703 4061 ut
721 3989 757 4060 in
784 3989 894 4062 rebus
919 3987 1179 4085 geographicis
1207 3987 1324 4085 figura
1351 4004 1458 4063 terrae
1483 4015 1549 4084 pro
1575 3988 1755 4084 sphaerica
1781 3988 1910 4062 haberi

452 4106 592 4202 possit:
620 4103 825 4199 praesertim
844 4105 874 4176 si
894 4118 990 4178 terra
1017 4103 1127 4200 paulo
1145 4104 1295 4178 densior
1312 4107 1360 4180 sit
1377 4132 1506 4179 versus
1532 4104 1683 4201 planum
1710 4107 1911 4202 aequatoris

451 4248 563 4320 quam
582 4247 711 4295 versus
729 4219 844 4317 polos

518 4341 603 4436 Jam
622 4363 712 4411 vero
729 4339 931 4411 astronomi
949 4338 1061 4435 aliqui
1081 4339 1117 4411 in
1136 4339 1357 4436 longinquas
1376 4339 1546 4438 regiones
1563 4340 1611 4413 ad
1630 4340 1911 4414 observationes

454 4456 721 4531 astronomicas
740 4456 927 4529 faciendas
954 4457 1055 4529 missi
1083 4456 1327 4530 observarunt
1344 4458 1444 4555 quod
1472 4457 1664 4556 horologia
1689 4458 1912 4532 oscillatoria

453 4575 592 4648 tardius
628 4560 868 4647 moverentur
896 4599 1013 4670 prope
1044 4590 1271 4671 aequatorem
1302 4600 1414 4671 quam
1443 4576 1479 4648 in
1515 4577 1727 4674 regionibus
1763 4578 1908 4651 nostris.

454 4692 506 4765 Et
536 4692 655 4787 primo
685 4691 836 4787 quidem
876 4692 921 4767 D.
953 4693 1091 4766 Riclzer
1120 4693 1189 4767 hoc
1223 4693 1437 4766 observavit
1464 4718 1562 4767 anno
1598 4700 1688 4786 1672
1723 4695 1759 4766 in
1791 4694 1911 4766 insula

454 4809 639 4906 Cayennae.
697 4808 797 4882 Nam
825 4809 914 4881 dum
933 4810 1148 4884 observaret
1174 4810 1367 4884 transitum
1396 4811 1549 4883 fixarum
1576 4837 1644 4907 per
1666 4812 1909 4885 meridianum
