1583 1669
482 218 519 241 448
729 216 763 231 DE
772 216 855 231 MUNDJ
864 215 968 231 SYSTEMA
971 216 999 230 TE

483 270 545 285 motus
567 265 639 284 medius
657 265 749 283 nodorum
763 264 831 283 circulo
850 265 884 283 toti
901 265 1022 289 respondens.
1051 264 1078 283 Et
1097 268 1159 283 motus
1178 271 1211 283 no-

482 296 553 317 dorum,
566 301 604 319 quo
619 299 703 318 tempore
718 293 745 312 sul
760 294 822 319 pergit
835 294 859 312 ab
871 295 897 313 N
903 294 928 313 ad
936 295 964 316 A,
973 294 1035 313 estad
1047 297 1085 317 19¹¹*
1095 294 1126 318 49‘
1136 294 1159 318 3''
1169 300 1179 318 5
1182 294 1212 318 5'''

482 329 503 344 ut
512 331 556 343 area
564 324 615 342 NA
623 324 642 342 Z
649 324 673 342 ad
683 323 770 342 circulum
780 327 844 342 totum.

513 355 561 373 Haec
577 354 602 372 ita
616 360 637 372 se
652 353 721 372 habent
736 360 759 371 ex
774 353 878 377 hypothesi,
894 353 945 377 quod
959 353 1019 372 nodus
1032 353 1082 372 horis
1095 352 1172 378 singulis
1191 353 1211 372 in

482 383 543 402 locum
557 383 637 407 priorem
650 382 752 404 retrahitur,
767 383 793 401 sic
806 386 827 401 ut
839 382 867 401 sol
880 388 930 401 anno
944 386 984 401 toto
997 382 1089 407 completo
1102 383 1126 401 ad
1140 382 1211 401 nodum

482 413 563 432 eundem
572 412 636 431 redeat
644 418 655 430 a
664 418 702 436 quo
711 412 745 430 sub
755 412 807 430 initio
814 412 908 436 digressus
918 412 981 430 suerat
1016 412 1087 430 Verum
1096 418 1130 436 per
1138 415 1211 430 motum

482 442 526 461 nodi
544 442 564 460 fit
577 445 598 460 ut
611 441 638 459 sol
652 441 705 459 citius
718 441 742 459 ad
756 441 825 459 nodum
839 445 947 463 revertatur,
961 441 1114 465 &computanda
1126 441 1165 465 jam
1181 445 1211 459 est

482 471 597 490 abbreviatio
612 470 705 494 temporis.
732 470 780 488 Cum
795 470 821 488 sol
836 477 885 489 anno
901 475 940 489 toto
956 470 1040 489 conficiat
1055 472 1091 493 360
1103 470 1177 495 gradus,
1191 470 1211 488 &

483 501 543 520 nodus
563 504 613 519 motu
628 500 709 518 maximo
724 499 791 518 eodem
807 504 891 524 ternpore
906 500 1005 518 conficeret
1021 502 1062 523 39²*
1077 499 1107 523 38'
1122 499 1144 523 7‘'
1162 499 1210 523 50¹⁰,

482 537 516 549 seu
526 531 604 553 39,6355
614 529 693 554 gradus;
707 528 725 547 &
734 533 796 547 motus
805 529 903 548 mediocris
912 529 956 548 nodi
966 529 983 547 in
993 529 1034 547 luco
1043 529 1110 553 quovis
1119 529 1144 547 N
1148 529 1173 547 sit
1185 529 1211 547 ad

483 559 541 584 ipsius
554 563 625 577 motum
639 558 751 576 mediocrem
765 558 783 576 in
799 558 916 582 quadraturis
928 558 970 579 suis,
987 562 1007 576 ut
1022 558 1042 576 A
1051 558 1085 582 Zq
1094 558 1117 576 ad
1131 558 1152 576 A
1163 558 1211 582 Tq:

482 589 518 607 erit
525 592 585 606 motus
593 587 637 606 solis
644 588 668 606 ad
677 591 748 606 motum
754 587 798 605 nodi
805 587 823 606 in
830 587 857 609 N,
868 591 888 606 ut
897 589 934 611 360
942 587 963 606 A
975 588 1008 612 Tq
1016 587 1040 606 ad
1050 589 1128 611 39,6355
1137 588 1157 606 A
1164 588 1196 612 Zq
1203 596 1211 609 ,-

483 618 502 636 id
511 621 544 639 est,
553 621 574 636 ut
583 618 636 640 9,082
641 618 688 640 7667
701 617 722 635 A
733 617 765 641 Tq
774 617 798 635 ad
807 617 828 635 A
836 617 874 641 Zq.
891 617 949 635 Unde
956 617 971 635 si
978 616 1040 635 circuli
1050 617 1106 635 totius
1115 616 1211 635 circumse-

481 1057 540 1076 rentia
553 1057 602 1076 NA
611 1064 624 1076 n
638 1057 733 1076 dividatur
746 1057 764 1075 in
777 1056 876 1081 particulas
889 1056 971 1081 aequales
984 1057 1004 1075 A
1012 1064 1029 1079 a,
1044 1061 1118 1082 ternpus
1131 1064 1168 1082 quo
1182 1058 1210 1076 sol

481 1091 575 1111 percurrat
587 1087 696 1111 particulam
709 1087 753 1109 Aa,
763 1087 778 1105 si
792 1086 870 1105 circulus
883 1087 991 1110 quiesceret,
1001 1087 1035 1105 erit
1048 1087 1072 1105 ad
1086 1091 1159 1111 tempus
1172 1094 1211 1111 quo

481 1117 570 1141 percurrit
579 1116 658 1135 eandem
667 1115 780 1140 particulam,
794 1116 809 1134 si
819 1115 896 1134 circulus
905 1122 942 1134 una
951 1122 993 1134 cum
1002 1116 1056 1134 nodis
1066 1117 1113 1135 circa
1127 1121 1210 1135 centrum

484 1146 503 1164 T
515 1145 626 1168 revolvatur,
641 1146 733 1169 reciproce
748 1149 769 1163 ut
784 1146 890 1169 9.0827667
905 1146 925 1163 A
938 1146 970 1170 Tq
985 1146 1008 1164 ad
1022 1147 1128 1170 9.0827667
1146 1146 1166 1164 A
1178 1146 1210 1170 Tq

484 1175 526 1195 ÷A
534 1175 553 1193 Z
556 1181 572 1199 q.
607 1174 658 1193 Nam
671 1179 745 1198 tempus
754 1178 783 1192 est
796 1174 889 1198 reciproce
898 1179 918 1193 ut
927 1174 1016 1193 velocitas
1025 1181 1062 1199 qua
1071 1175 1160 1199 particula
1168 1181 1209 1199 per-

480 1204 562 1225 curritur,
570 1203 589 1222 81.
597 1203 637 1222 haec
646 1203 735 1222 velocitas
744 1207 773 1222 est
782 1210 854 1222 summa
863 1203 982 1222 velocitatum
991 1203 1035 1222 solis
1045 1204 1063 1222 &
1072 1204 1120 1223 nodi.
1151 1204 1210 1229 Igitur

480 1233 495 1251 si
509 1237 587 1257 tempus,
597 1239 634 1257 quo
643 1232 670 1251 sol
680 1233 720 1251 sine
728 1236 779 1251 motu
789 1233 833 1251 nodi
847 1237 961 1257 percurreret
970 1239 1032 1251 arcum
1041 1233 1066 1251 N
1070 1234 1097 1255 A,
1107 1238 1211 1257 exponatur

480 1268 513 1286 per
527 1266 619 1280 sectorem
632 1262 658 1280 N
665 1262 684 1280 T
687 1262 714 1283 A.
729 1262 747 1280 8:
760 1262 849 1286 particula
865 1262 953 1286 temporis
969 1268 1006 1286 quo
1019 1267 1134 1286 percurreret
1147 1269 1210 1281 arcum

479 1298 536 1316 quam
543 1292 639 1310 minimum
648 1292 668 1310 A
675 1298 691 1313 a,
698 1295 802 1316 exponatur
807 1298 841 1315 per
847 1292 923 1310 sectoris
930 1291 1038 1315 particulam
1047 1293 1067 1310 A
1079 1292 1098 1310 T
1101 1299 1126 1314 a:
1134 1292 1153 1311 δι
1163 1292 1210 1317 (per⁴

479 1321 578 1346 pendiculo
597 1328 609 1339 a
618 1321 639 1339 V
654 1321 672 1339 in
685 1322 709 1339 N
714 1327 727 1339 n
740 1321 828 1346 demisso)
843 1321 858 1339 si
874 1321 892 1339 in
907 1321 927 1339 A
935 1321 954 1339 Z
966 1321 1049 1345 capiatur
1061 1321 1100 1344 dZ,
1115 1322 1155 1347 ejus
1170 1322 1209 1340 lon-
