4088 5768
855 392 1007 453 raons
1027 392 1191 453 Morus
1712 411 1753 483 15
1830 351 1833 358 ’

295 593 453 668 mutabit
487 588 720 665 velocitatem
756 590 956 664 accedendi
991 589 1039 662 ad
1078 587 1212 662 lineam
1253 585 1351 660 illarn
1389 587 1470 660 BD
1507 611 1530 658 a
1569 587 1607 658 vi
1642 584 1757 661 altera

294 712 468 812 genitam.
536 707 705 781 Accedet
736 708 848 805 igitur
876 730 1009 803 corpus
1036 707 1177 781 eodem
1212 721 1380 801 tempore
1414 704 1461 777 ad
1497 701 1632 777 lineam
1666 705 1755 792 BD,
1849 745 1863 808 '.

294 831 375 904 sive
395 829 454 902 vis
480 827 530 900 N
552 825 790 922 imprimatur,
814 825 894 899 sive
920 850 1015 913 non;
1042 839 1155 922 atque
1181 823 1266 897 ideo
1292 823 1329 895 in
1357 822 1430 895 fine
1457 818 1552 893 illius
1578 823 1757 917 temporis

295 946 499 1043 reperietur
532 942 665 1017 alicubi
700 942 737 1016 in
772 941 869 1018 linea
904 942 964 1016 illa
998 944 1086 1017 BD.
1165 942 1312 1015 Eodem
1351 953 1571 1037 argumento
1607 938 1643 1011 in
1683 938 1758 1015 fine

296 1064 473 1160 temporis
499 1063 666 1161 ejusdem
693 1062 897 1158 reperietur
921 1060 1052 1136 alicubi
1080 1062 1117 1134 in
1144 1058 1241 1134 linea
1270 1059 1352 1144 CD,
1380 1056 1417 1130 81
1444 1056 1579 1130 idcirco
1606 1057 1642 1129 in
1669 1059 1756 1130 utri·
1802 1112 1805 1124 .

296 1207 414 1280 usque
444 1179 551 1253 lineae
582 1204 760 1253 concursu
791 1180 834 1252 D
864 1181 1013 1277 reperiri
1040 1205 1191 1254 necesse
1217 1192 1284 1252 est
1342 1177 1478 1274 Perget
1503 1190 1627 1249 autem
1653 1192 1756 1250 motu

287 1297 481 1377 rectilineo
499 1298 546 1371 ab
563 1299 603 1371 A
625 1297 673 1370 ad
690 1299 733 1371 D
750 1324 818 1394 per
833 1296 954 1397 legem
979 1323 1006 1372 1.

715 1639 1230 1716 COROLLARIUM
1280 1639 1350 1712 ΙΙ.

292 1827 357 1921 7Εἰ
379 1826 464 1899 linc
480 1834 587 1923 putet
609 1824 811 1922 compositio
837 1825 893 1900 vis
915 1826 1059 1900 clz'roctae
1078 1825 1156 1900 AD
1197 1872 1228 1921 A
1248 1925 1642 1947 Ἣ
1670 1899 1693 1946 Β

349 1989 393 2036 uu
423 1961 566 2035 vz'ribus
597 1960 783 2057 quibusvis
811 1960 966 2058 obliquis
1000 1960 1076 2034 AB
1110 1963 1160 2040 δέ
1280 1969 1513 2200 N

354 2097 441 2186 BD,
472 2098 521 2175 ὃ
545 2095 702 2169 uz'cissiru
727 2095 895 2170 resolutio
921 2096 976 2169 vis
999 2096 1159 2192 cujusvz's
1463 2183 1465 2187 ¹

350 2231 493 2305 di‘rectae
510 2228 588 2302 AD
607 2229 649 2302 iu
665 2229 828 2326 obliquos
844 2255 1072 2326 quascunque
1083 2228 1156 2302 AB
1513 1940 1719 2400 RQ

354 2365 403 2443 ὅ
434 2363 515 2439 BD.
585 2362 677 2453 Quo
703 2362 847 2459 quitum
875 2363 1077 2459 compositio
1109 2367 1158 2443 ὅ
1265 2395 1287 2442 0
1666 2394 1696 2400 -
1715 2407 1747 2478 D*

353 2497 521 2573 resolutio
537 2496 680 2571 abunde
693 2495 941 2593 confirmatur
955 2523 999 2569 uu
1014 2497 1224 2574 mechanica.

374 2712 429 2786 Ut
456 2712 486 2785 si
515 2711 563 2784 de
592 2727 682 2784 rotae
706 2708 858 2809 alicujus
885 2727 1011 2786 centro
1040 2715 1074 2787 O
1099 2731 1279 2790 exeuntes
1307 2716 1398 2790 radii
1426 2713 1627 2814 inaequales
1649 2715 1754 2803 OM,

308 2829 404 2903 ΟΝ
426 2826 496 2901 filis
521 2829 638 2914 MA,
658 2827 752 2900 NP·
776 2829 983 2904 sustineant
1007 2832 1174 2927 pondera
1191 2835 1232 2908 A
1256 2834 1292 2908 &
1308 2835 1354 2923 P,
1375 2834 1412 2907 81
1429 2848 1643 2930 quaerantur
1659 2833 1758 2907 vires

304 2945 510 3042 ponderum
537 2945 585 3018 ad
604 2944 829 3019 movendam
849 2963 965 3020 rotam
985 2975 992 3021 :
1023 2950 1094 3024 Per
1111 2968 1277 3026 centrum
1299 2954 1333 3026 0
1349 2968 1482 3052 agatur
1499 2968 1599 3025 recta
1615 2952 1664 3025 K
1675 2952 1757 3025 OL

304 3063 374 3137 filis
397 3060 749 3159 perpendiculariter
778 3088 976 3160 occurrens
997 3066 1033 3138 in
1062 3068 1110 3141 K
1131 3069 1206 3142 and
1231 3069 1279 3156 L,
1299 3085 1501 3169 centroque
1530 3068 1564 3141 0
1591 3066 1627 3140 81
1648 3068 1757 3142 inter-

266 3232 267 3237 κ
304 3179 484 3255 vallorum
517 3179 613 3265 OK,
643 3179 723 3252 OL
753 3182 891 3279 majore
924 3184 1001 3257 OL

305 3299 534 3374 describatur
551 3295 705 3372 circulus
726 3323 922 3373 occurrens
940 3298 1002 3374 filo
1068 3341 1101 3389 M

305 3417 405 3490 MA
441 3417 477 3489 in
508 3414 890 3491 D:&actaerectae
919 3419 1005 3492 OD
1054 3466 1056 3471 ,
1202 3465 1216 3479 κ

305 3531 480 3630 parallela
505 3533 553 3606 sit
577 3533 618 3606 A
632 3532 672 3619 C,
703 3533 739 3606 81
761 3536 1002 3631 perpendicu-

305 3649 390 3724 laris
407 3650 497 3724 Dc.
553 3649 739 3744 Quoniam
766 3650 855 3725 nihil
883 3653 1002 3740 refert,

306 3786 427 3844 utrum
464 3766 609 3842 filorum
645 3785 782 3864 puncta
817 3771 869 3862 K,
889 3772 938 3862 L,
962 3773 1005 3844 D
1080 3819 1102 3863 1,

305 3888 416 3960 affixa
430 3888 504 3961 sint
517 3912 563 3960 an
578 3911 652 3961 non
666 3887 778 3962 affixa
790 3888 838 3961 ad
853 3887 1003 3985 planum

308 4022 420 4093 rotae,
447 4005 613 4103 pondera
639 4005 738 4079 idem
756 4006 941 4094 valebunt,
961 4035 1005 4082 ac

306 4126 337 4199 si
359 4124 675 4220 suspenderentur
695 4150 719 4197 a
739 4127 885 4221 punctis
907 4127 955 4200 K
969 4127 1005 4201 81

306 4244 341 4317 L
365 4242 425 4318 vel
448 4245 491 4317 D
512 4243 548 4316 81
570 4243 616 4315 L.
675 4243 853 4318 Ponderis
879 4261 1003 4320 autern

305 4363 345 4435 A
367 4377 576 4458 exponatur
592 4363 650 4435 vis
677 4377 755 4435 tota
781 4388 848 4459 per
868 4361 1003 4439 lineam
1086 4449 1088 4452 y

305 4481 345 4553 A
361 4481 412 4567 D,
442 4480 479 4553 81
501 4479 582 4554 haec
612 4479 817 4554 resolvetur
842 4483 879 4555 in
906 4485 1004 4558 vires

306 4597 346 4670 A
366 4597 404 4684 C,
426 4597 461 4672 C
467 4599 518 4685 D,
538 4624 693 4694 quarum
711 4601 751 4673 A
771 4600 805 4673 C
823 4601 1004 4676 trahendo

307 4714 450 4787 radium
483 4716 569 4789 OD
596 4715 734 4790 directe
762 4743 784 4790 a
817 4734 944 4793 centro
972 4718 1059 4793 nihil
1086 4718 1186 4795 valet
1211 4721 1259 4795 ad
1287 4723 1509 4797 movendam
1538 4738 1676 4811 rotam;
1703 4723 1760 4796 vis

307 4846 430 4906 autem
466 4831 580 4907 altera
613 4834 656 4906 D
675 4834 714 4918 C,
751 4835 932 4909 trahendo
966 4837 1108 4910 radium
1143 4839 1233 4912 DO
1266 4840 1624 4938 perpendiculariter,
1661 4841 1759 4914 idem

1077 3605 1192 3653 K..
