4110 5782
403 443 472 513 33²
878 421 944 476 DE
964 420 1069 479 MOT
1070 421 1102 478 U
1121 420 1377 479 CORPORUM

402 616 544 689 ratione
562 613 752 712 colligitur,
771 614 838 687 sed
857 614 969 688 etiam
996 640 1063 709 per
1080 614 1335 709 experimenta
1353 612 1546 685 notissima
1566 614 1648 710 jam
1673 612 1859 707 descripta

401 733 638 806 manifestum
656 747 721 804 est

470 851 550 923 Cas.
574 871 604 943 5.
636 848 782 921 Eadem
808 864 866 921 est
891 874 999 944 aquae
1018 847 1200 920 effluentis
1219 845 1395 920 velocitas
1419 845 1500 919 sive
1524 846 1642 943 figura
1668 846 1857 919 foraminis

399 967 448 1041 sit
475 965 658 1040 circularis
686 966 765 1039 sive
793 966 974 1061 quadrata
1000 962 1059 1038 vel
1087 962 1320 1061 triangularis
1346 979 1410 1036 aut
1436 962 1507 1035 alia
1534 989 1766 1060 quaecunque
1792 964 1858 1035 cir-

400 1082 513 1158 culari
539 1081 702 1179 aequalis.
760 1082 859 1153 Nam
878 1079 1060 1168 velocitas,
1081 1106 1188 1176 aquae
1216 1080 1398 1152 effluentis
1426 1107 1499 1154 non
1527 1083 1666 1176 pendet
1691 1107 1714 1153 a
1741 1082 1858 1179 ligura

398 1185 588 1275 foraminis
606 1199 672 1272 sed
691 1199 806 1271 oritur
823 1198 871 1269 ab
888 1199 967 1294 ejus
986 1197 1179 1279 altitudine
1198 1197 1291 1269 infra
1309 1196 1461 1292 planum
1479 1198 1528 1269 K
1529 1199 1575 1270 L.

471 1317 549 1390 Cas.
571 1320 602 1387 6.
631 1315 673 1387 Si
700 1315 799 1386 vasis
816 1315 992 1387 ABDC
1014 1339 1099 1409 pars
1126 1314 1275 1386 inferior
1300 1315 1337 1387 in
1364 1339 1500 1409 aquam
1527 1330 1764 1412 stagnantem
1793 1315 1857 1387 im-

400 1447 597 1529 mergatur,
616 1431 652 1503 &
677 1429 833 1503 altitudo
859 1455 967 1525 aquae
993 1421 1199 1526 stagnantis
1225 1455 1337 1525 supra
1366 1431 1522 1504 sundum
1551 1433 1650 1504 vasis
1676 1433 1725 1504 sit
1753 1432 1858 1505 GR.-

400 1546 578 1622 velocitas
604 1571 762 1642 quaeum
788 1572 886 1643 aqua
911 1572 997 1641 quae
1023 1546 1059 1617 in
1078 1571 1168 1618 vase
1194 1561 1260 1631 est,
1279 1546 1404 1620 effluet
1431 1573 1497 1644 per
1522 1548 1687 1621 foramen
1714 1550 1800 1622 EF
1822 1550 1857 1621 in

400 1691 536 1762 aquam
564 1678 809 1760 stagnantem,
838 1689 883 1736 ea
908 1662 977 1734 erit
1002 1687 1115 1757 quam
1141 1688 1238 1757 aqua
1263 1663 1432 1754 cadendo
1456 1664 1492 1736 81
1515 1690 1602 1737 casu
1627 1691 1695 1738 suo
1722 1666 1857 1737 descri-

400 1781 525 1856 bendo
550 1779 783 1853 altitudinem
806 1779 875 1851 IR
901 1778 1090 1874 acquirere
1114 1793 1245 1872 potest
1302 1778 1403 1851 Nam
1429 1781 1577 1876 pondus
1603 1807 1711 1877 aquae
1737 1783 1858 1854 omnis

401 1899 438 1971 in
466 1923 556 1971 vase
584 1923 668 1993 quae
697 1896 845 1969 inserior
872 1911 930 1968 est
957 1894 1149 1990 superficie
1176 1920 1285 1990 aquae
1312 1901 1527 1995 stagnantis
1557 1900 1796 1972 sustinebitur
1822 1900 1858 1971 in
1924 1988 1926 1992 Α

400 2012 606 2110 aequilibrio
633 2038 701 2109 per
728 2013 875 2107 pondus
906 2036 1013 2107 aquae
1042 2013 1259 2108 stagnantis,
1292 2013 1451 2111 ideoque
1482 2032 1624 2089 motum
1655 2042 1762 2112 aquae
1793 2017 1857 2088 de-

399 2132 610 2205 scendentis
629 2131 665 2202 in
684 2156 774 2203 vase
792 2130 943 2202 minime
961 2126 1187 2203 accelerabit.
1246 2130 1391 2204 Patebit
1409 2135 1520 2206 etiam
1539 2133 1575 2206 u
1593 2133 1651 2205 hic
1669 2159 1776 2206 casus
1793 2159 1860 2230 per

399 2250 664 2346 experimenta,
684 2247 934 2321 mensurando
951 2246 1090 2320 scilieet
1108 2263 1275 2343 tempora
1294 2250 1427 2345 quibus
1446 2275 1543 2346 aqua
1560 2250 1685 2324 effluit.

471 2367 587 2440 Corol.
614 2391 642 2438 1.
675 2365 775 2437 Hinc
793 2365 824 2437 si
851 2389 959 2460 aquae
977 2363 1135 2437 altitudo
1162 2366 1238 2437 CA
1260 2367 1484 2461 producatur
1501 2367 1548 2439 ad
1566 2368 1619 2453 K,
1639 2383 1680 2441 ut
1702 2369 1751 2441 sit
1766 2369 1864 2440 AK

400 2483 449 2556 ad
470 2483 554 2554 CK
568 2483 604 2554 in
622 2479 808 2575 duplicata
827 2483 968 2554 ratione
986 2506 1083 2554 areae
1100 2481 1289 2555 foraminis
1308 2484 1345 2555 in
1363 2484 1495 2579 quavis
1513 2484 1616 2556 fundi
1641 2500 1745 2580 parte
1763 2485 1857 2570 facti,

401 2601 449 2674 ad
467 2625 591 2672 aream
610 2596 732 2671 circuli
750 2600 860 2672 AB:
886 2597 1063 2671 velocitas
1081 2623 1189 2694 aquae
1208 2600 1391 2673 effluentis
1416 2598 1569 2696 aequalis
1587 2602 1656 2673 erit
1674 2600 1859 2675 velocitati

401 2743 513 2815 quam
531 2742 629 2813 aqua
643 2714 812 2788 cadendo
830 2715 865 2787 81
884 2741 970 2788 casu
985 2741 1053 2789 suo
1071 2715 1316 2790 describendo
1330 2714 1562 2789 altitudinem
1575 2718 1624 2789 K
1628 2718 1662 2789 C
1671 2719 1860 2814 acquirere

401 2850 534 2932 potest

471 2953 587 3027 Corol.
611 2977 640 3027 2.
671 2951 807 3037 Rivis,
827 2975 900 3046 qua
918 2966 1018 3024 totus
1044 2976 1151 3046 aquae
1176 2949 1359 3024 exilientis
1386 2964 1508 3022 motus
1533 2950 1701 3047 generari
1727 2967 1859 3046 potest,

401 3067 554 3166 aequalis
572 3085 629 3141 est
647 3068 802 3163 ponderi
821 3066 1029 3163 cylindricae
1048 3066 1229 3141 columnae
1247 3094 1365 3164 aquae,
1384 3068 1487 3163 cujus
1505 3068 1603 3140 basis
1621 3086 1678 3141 est
1694 3068 1859 3142 foramen

400 3187 441 3258 E
445 3188 490 3272 F,
510 3185 547 3258 ἃ
573 3183 730 3258 altitudo
756 3185 856 3257 2Gl
877 3182 936 3257 vel
968 3185 1085 3257 2CK.
1143 3185 1242 3257 Nam
1271 3210 1368 3280 aqua
1396 3182 1558 3270 exiliens,
1588 3210 1662 3280 quo
1693 3202 1860 3280 tempore

400 3300 726 3376 hanccolumnam
745 3317 878 3397 aequat,
898 3301 1063 3395 pondere
1084 3325 1152 3373 suo
1170 3302 1218 3373 ab
1245 3300 1438 3374 altitudine
1460 3301 1528 3373 GI
1541 3301 1708 3375 cadendo
1726 3300 1860 3375 veloci-

400 3435 516 3493 tatem
535 3444 649 3505 suam,
669 3443 743 3513 qua
760 3415 871 3501 exilit,
891 3418 1079 3512 acquirere
1098 3433 1230 3512 potest.

471 3536 588 3608 Corol.
612 3558 642 3628 3.
674 3534 825 3608 Pondus
853 3559 960 3629 aquae
992 3536 1104 3607 totius
1135 3535 1172 3607 in
1203 3561 1293 3608 vase
1319 3536 1361 3607 A
1369 3536 1495 3608 BDC
1521 3536 1654 3608 estad
1684 3536 1860 3632 ponderis

401 3668 556 3748 partem,
585 3677 670 3747 quae
702 3652 738 3724 in
774 3650 964 3722 defluxum
993 3676 1101 3746 aquae
1133 3651 1368 3747 impenditur,
1398 3668 1439 3724 ut
1467 3677 1612 3724 summa
1642 3652 1859 3727 circulorum

401 3772 442 3842 A
461 3772 501 3843 Β
535 3769 572 3842 8ι
606 3770 697 3841 EF
725 3769 773 3842 ad
808 3766 963 3864 duplum
998 3767 1173 3841 circulum
1200 3771 1294 3844 EF.

400 3889 461 3963 Sit
491 3888 590 3962 enim
621 3890 650 3960 I
662 3889 696 3960 O
726 3887 849 3960 media
883 3885 1166 3983 proportionalis
1203 3887 1298 3960 inter
1314 3949 1339 3997 A

398 4007 428 4078 I
428 4005 481 4077 H
493 4004 529 4077 u
542 4005 635 4089 IG,·
662 4003 697 4076 81
716 4029 813 4099 aqua
831 4003 1080 4098 perforamen
1094 4005 1181 4075 EF
1192 4030 1295 4101 egre-

400 4122 516 4207 diens,
549 4146 625 4216 quo
655 4137 822 4215 tempore
851 4137 958 4218 gutta
994 4121 1162 4194 cadendo
1193 4122 1241 4193 ab
1271 4124 1300 4195 I

398 4238 608 4311 describere
635 4253 761 4331 posset
786 4235 1019 4310 altitudinem
1041 4239 1070 4309 I
1080 4238 1123 4324 G,
1143 4237 1296 4334 aequalis

399 4353 470 4429 erit
496 4352 662 4449 cylindro
691 4353 794 4450 cujus
818 4353 917 4425 basis
941 4370 998 4425 est
1026 4351 1181 4426 circulus
1209 4355 1251 4427 E
1261 4356 1303 4426 F

400 4470 436 4544 81
457 4469 615 4543 altitudo
637 4485 694 4542 est
718 4471 779 4542 2]
789 4470 833 4554 G,
853 4469 890 4541 id
915 4486 981 4553 est,
1002 4467 1168 4565 cylindro
1192 4472 1296 4568 cujus

398 4586 497 4659 basis
517 4603 574 4658 est
592 4584 746 4658 circulus
763 4586 805 4657 A
818 4586 858 4657 Β
875 4583 911 4656 &
928 4583 1086 4658 altitudo
1103 4602 1160 4659 est
1186 4588 1294 4675 210,

399 4728 484 4775 nam
506 4700 661 4775 circulus
680 4703 720 4773 E
729 4702 770 4773 F
787 4719 844 4774 est
871 4702 918 4774 ad
941 4702 1115 4775 circulum
1138 4706 1179 4776 A
1193 4706 1233 4777 Β
1259 4707 1294 4777 in
1347 4779 1354 4783 ,

397 4817 655 4915 subduplicata
683 4819 823 4891 ratione
845 4817 1047 4891 altitudinis
1068 4822 1097 4893 I
1104 4823 1155 4895 H
1173 4823 1219 4895 ad
1243 4821 1293 4894 al·
1335 4794 1353 4838 ⁰
