4088 5768
411 442 454 492 12
972 419 1315 482 DEFINITIONES

404 615 516 714 hujus
533 612 718 689 circularis
735 614 773 690 in
794 641 914 691 vacuo
931 617 1066 713 quovis
1092 610 1284 704 immenso,
1302 615 1366 689 ubi
1392 614 1483 690 nihil
1508 629 1654 690 extaret
1678 632 1874 691 externum

405 733 442 808 81
468 731 643 808 sensibile
668 758 828 831 quocum
854 731 957 833 globi
983 732 1140 809 conferri
1165 749 1329 831 possent
1395 734 1438 809 Si
1459 734 1539 832 jarn
1565 734 1876 810 constituerentur

405 852 442 928 in
473 853 595 949 spatio
625 849 687 927 illo
717 877 873 949 corpora
902 849 1026 949 aliqua
1054 850 1260 952 longinqua
1288 852 1416 926 datam
1451 853 1547 927 inter
1574 877 1617 927 se
1650 853 1874 949 positionem

404 971 602 1057 servantia,
621 968 745 1068 qualia
769 985 857 1043 sunt
873 967 990 1044 stellae
1009 969 1094 1044 fixae
1112 970 1149 1044 in
1168 968 1381 1069 regionibus
1398 967 1595 1044 coelorum:
1620 971 1704 1044 sciri
1722 972 1874 1068 quidem

405 1112 480 1162 non
510 1101 639 1184 posset
668 1112 717 1161 ex
750 1083 906 1160 relativa
938 1084 1134 1186 globorum
1170 1085 1410 1161 translatione
1440 1087 1536 1161 inter
1560 1112 1723 1184 corpora,
1750 1104 1874 1163 utrum

404 1204 463 1279 his
497 1229 545 1278 an
581 1201 651 1277 illis
684 1203 903 1278 tribuendus
932 1219 1034 1279 esset
1062 1220 1196 1279 motus.
1267 1203 1324 1277 At
1348 1205 1380 1278 si
1406 1204 1661 1279 attenderetur
1685 1205 1733 1278 ad
1760 1204 1872 1295 filum,

406 1322 814 1419 &deprehenderetur
844 1322 1051 1397 tensionem
1090 1323 1170 1420 ejus
1206 1319 1304 1394 illam
1340 1321 1459 1418 ipsam
1489 1347 1573 1396 esse
1603 1346 1715 1419 quam
1750 1340 1873 1398 motus

404 1438 601 1539 globorum
644 1439 867 1536 requireret;
915 1437 1136 1514 concludere
1177 1437 1305 1514 liceret
1350 1456 1494 1514 motum
1536 1466 1621 1515 esse
1666 1437 1871 1539 globorum,

405 1556 443 1663 ἃ
480 1582 635 1654 corpora
672 1556 882 1653 quiescere;
926 1557 963 1632 81
1001 1574 1081 1631 tum
1117 1557 1270 1632 demum
1310 1582 1358 1632 ex
1398 1555 1638 1633 translatione
1677 1556 1871 1656 globorum

405 1674 502 1749 inter
523 1699 687 1771 corpora,
706 1674 1051 1749 determinationem
1078 1675 1187 1774 hujus
1213 1690 1336 1749 motus
1361 1672 1543 1774 colligere
1600 1674 1730 1749 Motus
1746 1690 1872 1750 autem

405 1817 515 1867 veros
532 1817 580 1865 ex
598 1816 725 1866 eorum
743 1791 873 1879 causis,
891 1792 1092 1880 effectibus,
1111 1791 1149 1866 8ι
1165 1792 1430 1889 apparentibus
1455 1792 1671 1866 differentiis
1688 1790 1870 1892 colligere,

407 1909 445 1984 8ι
483 1924 611 1983 contra
649 1934 697 1983 ex
737 1909 899 1984 motibus
936 1935 1002 1984 seu
1041 1910 1140 1984 veris
1177 1936 1244 1985 seu
1279 1908 1544 2007 apparentibus
1578 1934 1706 1984 eorum
1741 1936 1871 1986 causas

408 2026 446 2101 8ι
475 2027 638 2115 effectus
657 2026 851 2102 docebitur
880 2026 998 2101 fusius
1029 2027 1065 2101 in
1096 2028 1349 2125 sequentibus.
1407 2027 1522 2102 Hunc
1551 2027 1652 2102 enim
1686 2028 1723 2101 in
1758 2028 1870 2103 finem

406 2160 603 2220 tractatum
620 2161 840 2244 sequentem
857 2145 1058 2243 composui.
