4110 5782
425 395 496 485 388
888 390 955 448 oa
975 392 1143 453 Murum
1159 392 1430 454 sxerMAra

427 587 540 662 Certe
570 604 699 661 contra
726 586 1065 684 experimentorum
1097 603 1263 660 tenorem
1294 588 1438 662 somnia
1469 604 1608 664 temere
1638 590 1887 689 confingenda

428 728 502 778 non
528 718 625 790 sunt,
653 729 720 777 nec
748 730 772 777 a
802 718 942 777 naturae
970 702 1143 802 analogia
1170 704 1417 778 recedendum
1444 721 1510 793 est,
1542 733 1626 780 cum
1654 735 1700 781 ea
1726 708 1886 805 simplex

426 847 510 895 esse
543 819 661 895 soleat
692 821 728 894 81
757 822 827 895 sibi
857 846 1006 918 semper
1032 847 1205 895 consona.
1273 821 1456 896 Extensio
1485 848 1681 919 corporum
1709 849 1782 897 non
1816 825 1886 897 nisi

428 964 497 1034 per
512 962 644 1010 sensus
664 937 859 1011 innotescit
887 963 955 1011 nec
982 939 1018 1011 in
1036 939 1208 1012 omnibus
1236 939 1416 1014 sentitur:
1442 940 1509 1014 sed
1535 940 1624 1036 quia
1649 939 1887 1014 sensibilibus

428 1055 600 1130 omnibus
629 1055 807 1151 competit
824 1054 872 1127 de
889 1055 1071 1128 universis
1088 1055 1299 1128 affirmatur.
1364 1054 1532 1151 Corpora
1556 1054 1662 1151 plura
1687 1055 1779 1128 dura
1802 1082 1887 1130 esse

429 1172 647 1268 experimur.
704 1171 833 1245 Oritur
858 1187 983 1245 autem
1012 1171 1164 1245 durities
1193 1171 1305 1245 totius
1332 1197 1356 1244 a
1383 1172 1517 1245 duritie
1544 1172 1711 1268 partium,
1731 1172 1768 1246 &
1798 1174 1886 1248 inde

429 1313 504 1362 non
539 1288 670 1362 horum
705 1302 850 1361 tantum
885 1313 1081 1384 corporum
1115 1314 1200 1385 quae
1234 1289 1443 1362 sentiuntur
1486 1288 1553 1360 sed
1588 1288 1741 1362 aliorum
1772 1289 1886 1362 etiam

429 1405 595 1480 omnium
623 1402 819 1501 particulas
854 1404 1032 1477 indivisas
1058 1430 1142 1478 esse
1175 1405 1287 1476 duras
1318 1406 1450 1478 merito
1479 1405 1740 1481 concludimus.
1794 1407 1886 1480 Cor-

429 1547 521 1620 pora
554 1523 681 1597 omnia
715 1519 1008 1618 impenetrabilia
1037 1546 1120 1594 esse
1151 1545 1225 1594 non
1260 1521 1402 1594 ratione
1427 1522 1494 1595 sed
1528 1547 1640 1595 sensu
1666 1521 1883 1621 colligimus.

429 1638 525 1734 Quae
568 1653 767 1711 tractamus
813 1635 1106 1732 impenetrabilia
1148 1637 1396 1727 inveniuntur,
1431 1637 1468 1711 &
1507 1638 1593 1713 inde
1628 1638 1882 1713 concludimus

429 1755 814 1852 impenetrabilitatem
840 1780 923 1828 esse
953 1753 1219 1850 proprietatem
1248 1779 1444 1849 corporum
1472 1757 1738 1830 universorum.
1793 1757 1884 1832 Cor-

428 1897 520 1968 pora
548 1873 674 1945 omnia
704 1869 855 1945 mobilia
880 1895 973 1956 esse,
1001 1869 1037 1942 81
1065 1870 1207 1944 viribus
1233 1871 1456 1966 quibusdam
1485 1870 1593 1970 (quas
1618 1872 1718 1947 vires
1743 1873 1885 1947 inertiae

428 1988 619 2087 vocamus)
639 2013 879 2085 perseverare
904 1987 942 2059 in
961 2001 1063 2061 motu
1081 1985 1142 2061 vel
1161 1986 1296 2083 quiete,
1315 2012 1363 2059 ex
1389 1986 1490 2061 hisce
1507 2014 1702 2084 corporum
1719 1989 1884 2063 visorum
1921 2023 1924 2028 ·

428 2105 714 2201 proprietatibus
732 2102 947 2203 colligimus,
1017 2103 1210 2189 Extensi0,
1230 2102 1393 2189 durities,
1413 2104 1748 2199 impenetrabilitaS,
1767 2104 1884 2179 mobi-

428 2219 511 2294 litas
543 2221 579 2294 8ι
608 2222 667 2295 vis
696 2221 837 2296 inertiae
868 2219 981 2292 totius
1011 2220 1127 2292 oritur
1153 2218 1201 2290 ab
1229 2219 1456 2305 extensione,
1487 2220 1631 2310 duritie,
1664 2221 1884 2318 impenetra-

427 2336 577 2425 bilitate,
607 2336 811 2412 mobilitate
839 2336 876 2410 81
903 2337 1044 2409 viribus
1073 2334 1213 2409 inertiae
1241 2335 1425 2431 partium:
1455 2335 1491 2409 &
1519 2336 1605 2409 inde
1632 2334 1886 2410 concludimus

427 2480 557 2528 omnes
589 2456 756 2528 omnium
786 2478 982 2550 corporum
1008 2469 1133 2548 partes
1164 2453 1335 2526 minimas
1361 2452 1511 2526 extendi
1540 2454 1576 2526 dr
1602 2454 1713 2526 duras
1739 2479 1822 2527 esse
1848 2452 1886 2526 δι

429 2570 790 2667 impenetrabiles&
818 2566 1037 2643 mobiles&
1064 2569 1204 2641 viribus
1233 2569 1374 2642 inertiae
1400 2569 1583 2665 praeditas.
1652 2570 1705 2643 Et
1733 2570 1803 2644 hoc
1828 2586 1886 2644 est

428 2685 712 2760 fundamentum
731 2683 977 2782 philosophiae
995 2685 1116 2760 totius.
1173 2685 1287 2758 Porro
1313 2710 1507 2781 corporum
1534 2700 1656 2781 partes
1682 2686 1822 2758 divisas
1848 2684 1886 2758 8r

429 2802 499 2875 sibi
534 2789 665 2877 mutuo
699 2802 893 2900 contiguas
923 2801 971 2874 ab
1006 2801 1165 2874 invicem
1200 2802 1362 2897 separari
1397 2827 1509 2897 posse
1549 2827 1596 2875 ex
1630 2801 1886 2897 phaenomenis

429 2919 610 3006 novimus,
630 2919 807 3015 &partes
826 2916 1002 2991 indivisas
1027 2916 1064 2989 in
1082 2931 1205 3012 partes
1223 2918 1384 2992 minores
1402 2919 1543 2992 ratione
1570 2918 1746 3017 distingui
1773 2943 1885 3014 posse

428 3060 475 3110 ex
506 3035 767 3110 mathematica
796 3051 937 3109 certum
967 3049 1034 3108 est.
1092 3034 1229 3107 Utrum
1260 3060 1351 3109 vero
1381 3051 1505 3131 partes
1535 3033 1606 3109 illae
1636 3035 1819 3108 distinctae
1847 3033 1886 3107 ἃ

429 3155 594 3229 nondum
629 3154 760 3228 divisae
794 3179 862 3250 per
895 3152 994 3225 vires
1030 3166 1171 3224 naturae
1207 3153 1324 3226 dividi
1369 3152 1405 3226 81
1447 3153 1495 3225 ab
1530 3151 1688 3226 invicem
1722 3152 1884 3248 separari

428 3271 582 3367 possint,
612 3270 790 3344 incertum
820 3286 886 3344 est.
942 3269 998 3342 At
1024 3268 1055 3342 si
1074 3268 1134 3342 vel
1163 3270 1273 3343 unico
1290 3285 1476 3344 constaret
1501 3271 1756 3365 experimento
1782 3270 1884 3365 quod

428 3384 607 3482 particula
631 3385 755 3482 aliqua
781 3387 949 3472 indivisa,
976 3385 1184 3483 frangendo
1210 3413 1344 3483 corpus
1369 3387 1502 3459 durum
1532 3386 1568 3459 81
1593 3386 1762 3473 solidum,
1789 3388 1883 3459 divi-

426 3504 569 3578 sionem
598 3519 810 3600 pateretur:
836 3502 1140 3578 concluderemus
1167 3503 1205 3576 vi
1234 3503 1342 3601 hujus
1370 3502 1516 3601 regulae,
1536 3503 1637 3599 quod
1662 3528 1735 3577 non
1763 3502 1883 3577 solum

428 3635 553 3717 partes
570 3621 703 3695 divisae
720 3619 946 3717 separabiles
964 3635 1098 3708 essent,
1116 3621 1184 3694 sed
1202 3620 1313 3694 etiam
1331 3620 1433 3717 quod
1455 3620 1623 3693 indivisae
1642 3620 1678 3692 in
1700 3619 1884 3692 infinitum

426 3736 544 3811 dividi
562 3752 723 3834 possent

498 3854 672 3951 Denique
699 3853 731 3927 si
749 3879 904 3950 corpora
921 3854 1046 3929 omnia
1065 3853 1102 3926 in
1120 3851 1270 3925 circuitu
1299 3868 1407 3925 terrae
1423 3851 1553 3950 gravia
1570 3877 1653 3925 esse
1682 3852 1718 3924 in
1737 3867 1882 3938 terram,

427 3972 539 4068 idque
565 3997 633 4068 pro
658 3971 864 4067 quantitate
891 3971 1056 4045 materiae
1084 3969 1121 4041 in
1149 3967 1313 4066 singuliS,
1333 3968 1369 4041 81
1398 3967 1523 4042 lunam
1550 3995 1705 4067 gravem
1734 3994 1817 4042 esse
1846 3968 1882 4040 in

426 4107 561 4164 terram
580 4114 647 4184 pro
665 4087 872 4184 quantitate
890 4087 1055 4160 materiae
1080 4083 1225 4173 suae&
1251 4085 1414 4157 vicissim
1442 4111 1544 4158 mare
1572 4102 1738 4159 nostrum
1765 4110 1883 4182 grave

425 4233 508 4282 esse
526 4206 563 4280 in
581 4205 716 4294 lunam,
736 4205 957 4302 &planetas
983 4228 1113 4276 omnes
1138 4228 1274 4300 graves
1302 4227 1385 4275 esse
1414 4200 1449 4273 in
1477 4227 1519 4274 se
1548 4217 1686 4287 mutuo,
1706 4202 1742 4274 dr
1760 4226 1880 4274 come-

426 4336 544 4395 tarum
563 4318 720 4393 similem
748 4347 831 4395 esse
858 4322 1080 4419 gravitatem
1109 4321 1146 4392 in
1174 4317 1301 4404 solem,
1321 4344 1388 4414 per
1412 4318 1667 4414 experimenta
1693 4318 1729 4390 dr
1755 4319 1880 4391 obser-

424 4439 592 4512 vationes
621 4440 885 4511 astronomicas
910 4435 1166 4510 universaliter
1183 4450 1344 4510 constet:
1371 4434 1569 4508 dicendum
1598 4435 1668 4507 erit
1694 4434 1880 4530 perhanc

425 4553 589 4650 regulam
618 4554 719 4651 quod
748 4578 901 4651 corpora
926 4554 1052 4628 omnia
1079 4554 1115 4627 in
1141 4580 1183 4627 se
1209 4569 1338 4626 mutuo
1363 4551 1560 4649 gravitant.
1618 4549 1718 4622 Nam
1746 4548 1782 4621 81
1808 4547 1878 4621 sor-

423 4669 496 4742 tius
523 4668 593 4743 erit
619 4683 881 4768 argumentum
899 4694 946 4742 ex
973 4669 1228 4765 phaenomenis
1253 4671 1302 4743 de
1327 4668 1511 4767 gravitate
1538 4664 1745 4750 universali,
1770 4689 1881 4760 quam
