4110 5782
306 457 355 525 44
785 433 854 492 DE
872 431 978 492 MOY
978 432 1011 492 U
1026 431 1279 494 CORPORUM

304 630 464 703 minimis
490 629 759 724 descriptorum
786 625 887 700 sinus
913 627 1010 701 versi
1036 652 1104 723 per
1129 626 1237 702 corol.
1266 653 1300 720 4.
1329 654 1431 725 prop.
1467 653 1494 703 1.
1528 629 1599 704 hoc
1629 646 1697 721 est,
1724 648 1766 706 ut

304 747 485 843 quadrata
510 770 661 819 arcuum
691 744 894 819 eomndem
924 745 972 816 ad
1006 745 1206 818 diametros
1236 744 1453 820 circulorum
1484 746 1668 843 applicata
1697 774 1766 845 per

303 863 387 938 lem.
408 865 468 938 vii.
490 864 526 937 81
544 877 748 960 propterea,
768 887 852 935 cum
870 861 908 933 hi
926 886 1031 933 arcus
1050 861 1124 934 sint
1141 878 1182 935 ut
1198 887 1305 936 arcus
1323 851 1551 961 temporibus
1570 866 1763 961 quibusvis

304 979 509 1079 aequalibus
539 979 722 1075 descripti,
751 978 986 1052 &diametri
1027 979 1103 1051 sint
1133 995 1174 1052 ut
1210 1004 1340 1053 eorum
1377 982 1491 1068 radii;
1521 982 1621 1055 vires
1655 999 1765 1056 erunt

304 1116 345 1173 ut
378 1124 529 1172 arcuum
564 1095 781 1194 quorumvis
816 1094 924 1170 simul
959 1096 1229 1194 descriptorum
1269 1098 1452 1194 quadrata
1489 1097 1674 1195 applicata
1713 1099 1763 1173 ad

304 1216 427 1290 radios
444 1212 671 1288 circulorum.
728 1213 887 1303 Q.E.D.

373 1332 490 1406 Corol.
517 1355 545 1405 1.
576 1331 672 1404 Cum
698 1354 805 1402 arcus
832 1328 881 1402 illi
907 1330 982 1406 sint
1007 1346 1049 1404 ut
1079 1330 1295 1406 velocitates
1321 1356 1526 1427 corporum,
1552 1332 1651 1407 vires
1677 1357 1761 1407 cen·

302 1451 446 1546 tripetae
473 1463 582 1524 erunt
607 1448 644 1520 in
670 1446 811 1521 ratione
841 1447 1046 1544 composita
1071 1475 1118 1522 ex
1145 1447 1332 1545 duplicata
1357 1448 1498 1522 ratione
1524 1445 1761 1522 velocitatum

302 1565 450 1651 directe,
470 1563 507 1636 81
524 1564 666 1637 ratione
683 1560 837 1660 simplici
857 1565 1043 1639 radiorum
1062 1566 1217 1639 inverse.

373 1683 490 1756 Corol.
513 1706 544 1756 2.
586 1680 648 1769 Et,
668 1705 751 1753 cum
788 1698 957 1778 tempora
992 1682 1179 1778 periodica
1205 1680 1279 1756 sint
1312 1683 1348 1756 in
1386 1683 1528 1757 ratione
1556 1682 1761 1781 composita

303 1827 350 1874 ex
376 1800 518 1874 ratione
547 1798 733 1873 radiorum
764 1796 912 1885 directe,
949 1796 986 1870 82
1015 1797 1156 1872 ratione
1182 1796 1421 1873 velocitatum
1448 1802 1616 1890 inverse;
1659 1802 1760 1876 vires

303 1916 517 2012 centripeta:
542 1931 631 1988 sunt
656 1915 693 1987 in
720 1913 861 1988 ratione
888 1914 1094 2012 composita
1119 1942 1166 1989 ex
1193 1916 1334 1990 ratione
1352 1917 1538 1990 radiorum
1556 1918 1703 2007 directe,
1723 1916 1760 1990 u

302 2033 443 2108 ratione
460 2031 647 2128 duplicata
666 2046 875 2126 temporum
893 2033 1163 2128 periodicorum
1182 2032 1338 2107 inverse.
1766 2019 1768 2022 ⁵
1848 2020 1853 2029 ⁸

376 2150 493 2223 Corol.
516 2172 547 2242 3.
580 2147 696 2221 Unde
733 2147 764 2219 si
808 2163 978 2246 tempora
1020 2149 1207 2246 periodica
1248 2167 1451 2246 aequentur,
1488 2150 1525 2224 u
1563 2167 1760 2248 propterea

301 2263 517 2340 velocitates
540 2265 614 2339 sint
641 2281 682 2338 ut
712 2263 825 2354 radii;
856 2282 965 2341 erunt
991 2266 1102 2341 etiam
1133 2266 1231 2340 vires
1261 2269 1474 2364 centripetae
1501 2285 1542 2342 ut
1572 2269 1691 2344 radii:
1722 2268 1759 2342 u

300 2400 436 2459 contra.

370 2502 487 2577 Corol.
506 2525 540 2592 4.
570 2499 612 2573 Si
644 2499 681 2572 81
711 2514 880 2594 tempora
909 2491 1105 2590 periodica,
1133 2490 1170 2564 8ι
1200 2489 1415 2567 velocitates
1444 2493 1519 2568 sint
1548 2493 1585 2567 in
1616 2494 1758 2569 ratione

299 2615 555 2713 subduplicata
581 2616 787 2704 radiorum;
813 2608 977 2708 aequales
1002 2623 1111 2684 erunt
1136 2608 1234 2682 vires
1262 2608 1475 2705 centripetae
1503 2609 1598 2684 inter
1626 2637 1693 2685 se:
1721 2611 1758 2684 81

299 2750 434 2809 contra.

369 2850 487 2924 Corol.
511 2871 543 2943 5.
572 2848 615 2922 Si
629 2864 797 2944 tempora
813 2841 1001 2940 periodica
1013 2841 1088 2914 sint
1105 2855 1147 2913 ut
1163 2839 1265 2926 radii,
1282 2838 1527 2937 &propterea
1539 2840 1756 2917 velocitates

298 2964 461 3063 aequales
475 2994 484 3055 ;
511 2965 609 3038 vires
627 2964 840 3059 centripetae
858 2972 966 3034 erunt
983 2958 1169 3053 reciproce
1185 2970 1227 3029 ut
1244 2957 1335 3030 radii
1352 2986 1360 3032 :
1379 2959 1415 3032 &
1432 2974 1568 3034 contra

370 3083 487 3157 Corol.
509 3088 541 3156 6.
569 3082 612 3155 Si
639 3096 807 3177 tempora
831 3075 1021 3174 periodica
1045 3075 1120 3147 sint
1142 3073 1178 3147 in
1197 3075 1339 3148 ratione
1356 3074 1618 3173 sesquiplicata
1634 3077 1754 3153 radio-

298 3226 389 3286 rum,
418 3199 677 3296 &propterea
705 3195 920 3271 velocitates
951 3193 1137 3292 reciproce
1168 3192 1205 3265 in
1233 3176 1419 3267 radiorum
1446 3197 1589 3269 ratione
1615 3196 1753 3270 subdu-

297 3314 432 3414 plicata
444 3344 452 3404 ;
492 3316 590 3390 vires
628 3311 842 3410 centripetae
881 3327 989 3387 erunt
1027 3309 1213 3408 reciproce
1251 3325 1292 3384 ut
1326 3312 1507 3407 quadrata
1541 3313 1755 3389 radiomm:

298 3433 335 3507 81
352 3448 489 3507 contra

368 3549 485 3622 Corol.
509 3568 538 3642 7.
570 3547 624 3621 Et
651 3544 917 3634 universaliter,
949 3545 980 3618 si
1011 3558 1159 3640 tempus
1187 3544 1414 3640 periodicum
1445 3545 1493 3619 sit
1522 3561 1564 3620 ut
1593 3547 1686 3622 radii
1715 3549 1756 3622 R

296 3681 462 3763 potestas
476 3661 652 3762 quaelibet
667 3666 732 3752 ΙΨ,
752 3665 789 3738 8ι
805 3678 1004 3762 propterea
1025 3660 1201 3735 velocitas
1220 3661 1405 3758 reciproce
1422 3679 1463 3737 ut
1480 3663 1572 3737 radii
1589 3681 1756 3762 potestas

294 3785 370 3856 Re
384 3813 399 3868 ,·
424 3781 494 3856 erit
510 3781 568 3855 vis
585 3781 789 3880 centripeta
806 3781 992 3877 reciproce
1010 3794 1051 3852 ut
1068 3777 1159 3850 radii
1177 3792 1343 3873 potestas
1359 3781 1472 3855 R²''·¹.·
1499 3778 1535 3854 81
1552 3796 1689 3856 contra.

363 3899 483 3973 Corol.
506 3902 538 3972 8.
570 3898 716 3974 Eadem
750 3899 876 3974 omnia
904 3897 954 3971 de
984 3893 1220 3990 temporibus,
1248 3892 1513 3983 velocitatibus,
1541 3896 1578 3969 81
1603 3897 1753 3986 viribus

292 4015 427 4113 quibus
453 4039 608 4110 corpora
633 4015 772 4090 similes
798 4017 998 4123 figurarum
1025 4036 1327 4108 quarumcunque
1353 4011 1534 4100 similium,
1554 4029 1755 4110 centraque

293 4133 330 4205 in
365 4133 493 4232 figuris
528 4131 598 4206 illis
611 4132 800 4225 „similiter
833 4132 956 4229 posita
989 4128 1215 4214 habentium,
1250 4143 1375 4223 partes
1409 4128 1631 4215 describunt,
1667 4155 1755 4204 con-

291 4263 498 4346 sequuntur
514 4274 561 4323 ex
580 4248 896 4324 demonstratione
914 4245 1203 4344 praecedentium
1229 4244 1277 4317 ad
1295 4243 1408 4318 hosce
1426 4270 1532 4318 casus
1557 4243 1751 4342 applicata

292 4364 516 4465 Applicatur
548 4380 674 4439 autem
708 4363 968 4439 substituendo
1001 4360 1223 4458 aequabilem
1263 4385 1432 4433 areamm
1466 4360 1755 4459 descriptionem

291 4506 360 4578 pro
394 4478 568 4577 aequabili
602 4496 716 4568 motu,
753 4481 790 4554 81
823 4479 1018 4555 distantias
1060 4503 1255 4574 corporum
1294 4502 1317 4549 a
1355 4476 1490 4550 centris
1529 4503 1599 4573 pro
1641 4477 1756 4552 radiis

292 4622 360 4669 usu
407 4595 515 4669 ando.

362 4622 483 4786 LrPorol.
508 4735 541 4804 9.
576 4711 638 4784 Ex
676 4714 809 4789 eadem
847 4711 1165 4788 demonstratione
1203 4709 1442 4807 consequitur
1479 4710 1611 4800 etiam;
1650 4713 1756 4809 quod

290 4853 407 4917 arcus,
438 4853 550 4925 quem
582 4853 715 4926 corpus
746 4832 783 4904 in
813 4828 947 4906 circulo
973 4827 1061 4901 data
1086 4828 1123 4900 vi
1150 4826 1352 4922 centripeta
1379 4826 1609 4904 uniformiter
1633 4827 1756 4904 revol-
