4088 5768
818 447 960 504 LIBER
982 445 1165 504 SECILND
1173 444 1231 502 US.
1682 446 1728 512 26
1733 464 1752 532 3

293 640 535 739 hyperbolam
567 667 614 715 ex
645 642 909 739 phaenomenis
982 639 1224 736 Projiciantur
1254 662 1409 732 corpora
1439 637 1515 709 duo
1549 635 1683 707 similia
1718 637 1754 708 dc

293 761 459 858 aequalia,
489 762 621 834 eadem
652 761 856 845 velocitate,
887 761 923 831 in
952 756 1097 855 angulis
1128 755 1284 827 diversis
1317 754 1367 825 H
1376 755 1415 824 A
1433 755 1485 840 K,
1512 753 1591 825 ch
1607 755 1641 840 k,
1666 754 1752 826 inci-

293 881 458 976 dantque
476 880 513 951 in
532 878 683 974 planum
702 878 901 951 horizontis
929 877 965 947 in
987 877 1035 947 K
1054 875 1090 946 dc
1115 875 1167 957 λῃ·
1194 872 1230 944 dc
1257 887 1406 944 notetur
1431 871 1621 967 proportio
1650 872 1691 944 A
1708 872 1757 943 K

292 998 340 1070 ad
358 998 440 1071 Ak.
487 996 546 1068 Sit
564 1021 608 1068 ea
625 997 654 1068 d
667 996 714 1068 ad
732 1022 757 1069 e.
806 996 906 1067 Tum
919 1010 1042 1067 erecto
1056 991 1218 1088 cujusvis
1232 987 1473 1086 longitudinis
1486 986 1753 1083 perpendiculo

292 1118 380 1203 Al,
408 1141 557 1188 assume
584 1131 771 1211 utcunque
797 1113 1067 1212 longitudinem
1094 1113 1133 1182 A
1152 1112 1202 1184 Η
1224 1108 1282 1182 vel
1318 1110 1359 1181 A
1373 1109 1407 1195 h,
1436 1109 1472 1182 ἃ
1501 1109 1588 1182 inde
1620 1107 1753 1206 collige

291 1232 467 1331 graphice
485 1231 734 1329 longitudines
752 1233 792 1302 A
810 1232 862 1317 K,
882 1231 923 1303 A
938 1230 971 1314 k,
991 1256 1058 1326 per
1079 1255 1153 1326 reg.
1175 1234 1207 1300 6.
1278 1227 1319 1300 Si
1348 1228 1440 1300 ratio
1466 1227 1506 1298 A
1524 1227 1571 1298 K
1592 1226 1640 1298 ad
1667 1228 1708 1300 A
1725 1229 1751 1301 le

291 1352 340 1423 sit
357 1350 489 1423 eadem
521 1375 604 1421 cum
633 1350 774 1422 ratione
800 1349 897 1422 dad
924 1375 948 1434 e,
968 1346 1161 1444 longitudo
1187 1346 1228 1417 A
1245 1345 1296 1416 H
1318 1359 1416 1416 recte
1446 1358 1637 1440 assumpta
1671 1344 1749 1418 suit.

292 1468 360 1540 Sin
389 1468 510 1538 minus
536 1491 628 1561 cape
655 1466 691 1537 in
719 1483 819 1538 recta
845 1465 987 1536 infinita
1017 1463 1114 1534 SM
1140 1460 1409 1559 longitudinem
1441 1461 1538 1532 SM
1567 1459 1750 1556 aequalem
1792 1534 1797 1550 ,

292 1599 493 1680 assumptae
531 1583 644 1755 {ll}
682 1581 717 1754 {a
761 1583 861 1679 erige
896 1577 1200 1678 perpendiculum
1235 1578 1347 1650 MN
1387 1575 1531 1673 aequale
1567 1578 1751 1651 rationum

292 1742 509 1816 differentia
535 1781 708 1797 —---
723 1742 843 1815 ductae
863 1741 899 1813 in
918 1754 1054 1813 rectam
1069 1733 1390 1834 quamvisdatam.
1438 1730 1557 1804 Simili
1573 1734 1750 1808 methodo

542 1808 711 1879 Ake

292 1949 339 1995 ex
356 1925 555 2020 assumptis
575 1923 740 2019 pluribus
758 1921 1050 2021 longitudinibus
1392 1974 1419 2022 Ν

291 2042 332 2114 A
349 2042 401 2114 H
421 2042 646 2115 invenienda
672 2056 760 2113 sunt
784 2040 890 2136 plura
914 2057 1051 2136 puncta

294 2160 352 2247 N,
372 2158 408 2230 ἃ
427 2185 494 2255 per
510 2159 635 2232 omnia
653 2158 799 2255 agenda
825 2184 937 2231 curva
955 2156 1052 2229 linea
1106 2199 1273 2244 μή
1375 2228 1408 2280 M

293 2274 471 2373 regularis
499 2275 550 2346 N
557 2276 608 2346 N
614 2275 659 2346 X
669 2276 724 2360 N,
753 2300 883 2347 secans
914 2290 1050 2347 rectam
1111 2240 1129 2288 S

295 2392 440 2465 SMM
440 2393 495 2463 M
507 2391 543 2463 in
562 2392 615 2464 X.
663 2391 888 2464 Assumatur
900 2392 1050 2466 demum

290 2509 331 2581 A
348 2509 400 2581 H
420 2506 573 2603 aequalis
591 2508 765 2581 abscissae
793 2509 826 2579 S
833 2509 886 2595 X,
907 2509 943 2581 81
965 2510 1051 2583 inde

291 2626 415 2703 denuo
459 2624 669 2696 inveniatur
705 2622 899 2721 longitudo
933 2626 974 2698 A
991 2627 1039 2698 K
1045 2659 1059 2713 ,·
1103 2628 1139 2700 81
1173 2626 1433 2726 longitudines,
1469 2653 1553 2725 quae
1594 2626 1667 2699 sint
1700 2624 1749 2697 ad

291 2758 518 2837 assumptam
538 2741 807 2839 longitudinem
826 2742 899 2814 Al
914 2743 949 2814 81
968 2743 1062 2817 hanc
1080 2744 1246 2817 ultimam
1266 2748 1305 2817 A
1316 2747 1370 2832 H,
1389 2762 1430 2818 ut
1448 2744 1642 2844 longitudo
1661 2745 1752 2816 AK

290 2883 357 2954 per
384 2859 679 2954 experimentum
707 2859 856 2955 cognita
883 2859 931 2931 ad
961 2859 1089 2934 ultimo
1118 2862 1306 2936 inventam
1339 2863 1608 2961 longitudinem
1639 2863 1679 2935 A
1694 2863 1747 2948 K,

290 2990 398 3048 erunt
425 3001 525 3048 verae
553 2974 624 3047 illae
652 2974 902 3072 longitudines
930 2977 1014 3049 AI
1045 2977 1081 3051 &
1114 2979 1155 3050 A
1173 2980 1227 3063 H,
1258 3005 1350 3075 quas
1380 2980 1545 3053 invenire
1576 2979 1746 3075 oportuit

295 3091 410 3165 Hisce
441 3118 532 3165 vero
559 3093 655 3165 datis
684 3093 832 3165 dabitur
859 3093 895 3165 ἃ
923 3094 1132 3168 resistentia
1150 3096 1261 3169 medii
1280 3098 1316 3169 in
1335 3095 1416 3171 loco
1433 3098 1487 3182 A,
1507 3098 1645 3193 quippe
1664 3122 1748 3192 quae

290 3210 338 3282 sit
356 3210 403 3281 ad
422 3211 497 3282 vim
516 3211 708 3308 gravitatis
728 3227 768 3283 ut
785 3212 825 3282 A
841 3211 892 3282 H
904 3212 951 3284 ad
973 3237 991 3282 2
1012 3214 1052 3284 A
1069 3214 1103 3287 l.
1159 3214 1348 3311 Augenda
1366 3231 1422 3289 est
1440 3231 1563 3288 autem
1583 3215 1747 3288 densitas

291 3326 402 3398 medii
433 3352 500 3422 per
531 3352 605 3424 reg.
637 3327 724 3419 4&
754 3328 962 3402 resistentia
990 3332 1102 3404 modo
1130 3332 1289 3416 inventa,
1312 3332 1342 3404 si
1370 3331 1406 3404 in
1442 3332 1574 3404 eadem
1605 3331 1748 3404 ratione

290 3460 478 3541 augeatur,
498 3444 562 3516 fiet
580 3445 790 3517 accuratior.

356 3562 443 3656 leeg.
474 3563 505 3633 8.
539 3561 706 3633 lnventis
733 3559 1025 3658 longitudinibus
1051 3564 1091 3635 A
1109 3564 1164 3649 H,
1196 3566 1297 3637 ΗΧ
1307 3598 1321 3652 ,·
1351 3566 1381 3639 si
1407 3567 1486 3664 jam
1517 3566 1749 3638 desideretur

290 3679 424 3775 positio
443 3693 552 3750 rectae
570 3678 610 3749 A
625 3678 679 3763 H,
699 3679 902 3750 secundum
921 3705 1032 3775 quam
1052 3681 1248 3778 projectile,
1268 3681 1356 3754 data
1374 3680 1434 3754 illa
1452 3707 1535 3753 cum
1553 3679 1750 3753 velocitate

290 3796 476 3880 emissum,
513 3794 640 3867 incidit
669 3794 711 3865 in
747 3809 924 3889 punctum
967 3797 1127 3891 quodvis
1169 3798 1217 3869 Κ
1224 3830 1236 3872 .-
1278 3798 1326 3870 ad
1369 3813 1506 3894 puncta
1538 3797 1578 3868 A
1627 3796 1663 3869 &
1705 3796 1753 3867 K

290 3913 479 4010 erigantur
509 3927 618 3983 rectae
647 3912 687 3981 A
706 3911 744 3995 C,
774 3912 822 3982 K
828 3913 869 3983 F
898 3913 1078 3987 horizonti
1110 3913 1444 4010 perpendiculares
1475 3937 1630 4008 quarum
1659 3912 1752 3985 AC

289 4028 462 4102 deorsum
482 4028 620 4113 tendat,
640 4027 676 4099 &
694 4045 862 4124 aequetur
880 4030 948 4126 ipsi
968 4031 1050 4103 AI
1072 4058 1137 4104 seu
1155 4032 1176 4110 l
1193 4033 1244 4104 H
1248 4032 1294 4104 X
1294 4089 1301 4104 .
1373 4030 1610 4126 Asymptotis
1636 4031 1676 4100 A
1693 4030 1746 4114 K,

291 4145 338 4217 K
344 4147 386 4217 F
408 4147 650 4235 describatur,
672 4144 885 4240 hyperbola,
921 4148 1024 4244 cujus
1052 4149 1250 4245 conjugata
1280 4138 1539 4243 transeatper
1569 4163 1746 4243 punctum

293 4262 332 4346 C,
368 4278 570 4359 centroque
605 4263 645 4335 A
694 4262 730 4334 81
773 4261 966 4336 intervallo
1000 4265 1041 4335 A
1059 4265 1109 4336 H
1130 4265 1376 4337 <describatur
1418 4262 1573 4337 circulus
1616 4288 1746 4336 secans
1843 4313 1847 4318 -

291 4378 531 4475 hyperbolam
551 4380 649 4453 illam
678 4380 714 4451 in
741 4395 879 4475 puncto
905 4380 956 4451 H
961 4411 976 4465 ,·
1002 4379 1037 4452 81
1055 4380 1244 4479 projectile
1268 4383 1472 4455 secundum
1491 4397 1628 4453 rectam
1646 4381 1686 4452 A
1701 4380 1753 4452 H

290 4495 466 4568 emissum
495 4497 632 4569 incidet
662 4497 698 4569 in
728 4513 905 4592 punctum
934 4497 986 4568 K.
1059 4497 1102 4586 Q.
1118 4497 1214 4571 ΕΙ.
1272 4497 1373 4570 Nam
1405 4512 1582 4594 punctum
1610 4497 1666 4582 H,
1697 4498 1747 4569 ob

290 4611 415 4686 datam
434 4612 703 4712 longitudinem
722 4613 762 4685 A
768 4614 822 4698 H,
841 4611 983 4685 locatur
1000 4612 1131 4686 alicubi
1150 4615 1187 4686 in
1206 4612 1340 4686 circulo
1358 4613 1552 4708 descripto.
1600 4612 1749 4710 Agatur

294 4729 387 4803 CH
421 4756 616 4804 occurrens
653 4731 741 4826 ipsis
776 4731 882 4804 AK
918 4729 954 4802 u
979 4732 1027 4803 K
1033 4733 1076 4816 F,
1110 4730 1159 4804 illi
1196 4732 1232 4803 in
1262 4732 1312 4820 E,
1344 4731 1428 4803 huic
1464 4731 1500 4803 in
1531 4726 1591 4815 F,³
1628 4730 1664 4802 81
1699 4730 1747 4802 ob

294 4848 485 4944 parallelas
506 4850 541 4922 C
549 4849 603 4935 H,
623 4850 678 4920 M
682 4849 727 4920 X
752 4848 788 4921 ἃ
807 4846 970 4946 aequales
996 4848 1037 4920 A
1054 4850 1093 4935 C,
1121 4850 1161 4921 A
1176 4850 1208 4935 l,
1237 4851 1305 4922 erit
1331 4850 1371 4921 A
1386 4851 1427 4922 E
1451 4846 1604 4946 aequalis
1631 4848 1670 4920 A
1688 4848 1746 4933 M,
