4088 5768
309 462 376 531 128
785 458 852 514 DE
871 457 1010 516 MOTU
1024 458 1281 519 CORPORUM

303 652 530 728 descendere
543 651 591 724 ad
606 667 783 737 centrum,
797 649 858 724 vel
876 652 924 725 ab
942 677 988 726 eo

302 771 453 869 oblique
478 768 689 853 ascendere,
707 768 827 866 figura
861 769 944 842 VR
958 771 992 842 S

301 888 361 963 vel
404 885 609 984 hyperbola
648 887 697 959 sit
735 884 795 960 vel
837 884 985 984 ellipsis,

302 1003 458 1078 inveniri
477 1019 601 1099 potest
619 1003 827 1100 trajectoria
847 1030 986 1102 augen-

300 1122 351 1195 do
368 1120 428 1194 vel
447 1120 650 1194 minuendo
667 1119 845 1218 angulum
873 1122 910 1193 V
914 1120 948 1193 C
950 1122 988 1193 P

300 1239 336 1311 in
364 1240 453 1312 data
477 1237 601 1334 aliqua
626 1238 777 1325 ratione.
832 1236 910 1311 Sed
938 1236 984 1323 &,

298 1356 337 1428 vi
348 1356 552 1451 centripeta
563 1356 599 1428 in
611 1354 854 1453 centrisugam
865 1379 983 1441 versa,

299 1473 477 1546 ascendet
507 1499 640 1569 corpus
670 1470 820 1569 oblique
847 1473 884 1544 in
911 1488 982 1545 tra-

293 1591 449 1687 jectoria
493 1590 531 1663 V
538 1591 633 1680 PQ,
674 1616 759 1687 quae
798 1589 985 1663 invenitur

297 1705 480 1802 capiendo
498 1705 674 1805 angulum
702 1707 740 1778 V
751 1706 785 1779 C
794 1708 833 1779 P
849 1706 982 1780 sectori
1017 1680 1037 1726 ⁰

297 1822 458 1921 elliptico
495 1824 533 1897 V
539 1823 630 1897 Rc
656 1822 980 1919 proportionalem,

296 1940 334 2015 δι
359 1940 629 2039 longitudinem
658 1940 693 2013 C
699 1942 738 2013 P
760 1939 982 2039 longitudini

298 2058 388 2132 CT
406 2057 587 2155 aequalem
614 2073 656 2130 ut
678 2083 798 2154 supra.
838 2042 1143 2153 'Consequuntur
1167 2056 1247 2131 haec
1273 2061 1399 2133 omnia
1421 2088 1472 2137 ex
1503 2072 1764 2165 propositione

293 2176 539 2272 praecedente,
559 2201 626 2272 per
642 2200 766 2248 curvae
792 2176 983 2273 cujusdam
1010 2174 1282 2271 quadraturam,
1301 2178 1405 2275 cujus
1432 2180 1709 2279 inventionem,
1725 2208 1763 2265 ut

292 2294 382 2367 satis
399 2292 554 2379 facilem,
573 2294 765 2368 brevitatis
782 2295 902 2393 gratia
919 2294 1070 2367 missam
1087 2293 1192 2367 facio.

1087 1888 1111 1948 Q

410 2552 787 2628 PROPOSlTlO
833 2554 983 2630 XLII.
1060 2553 1396 2628 PROBLEMA
1445 2556 1639 2639 XXIX.

289 2706 396 2779 Date
430 2707 503 2802 lege
535 2706 591 2779 vis
622 2708 831 2803 centripetee,
867 2706 1079 2803 requiritur
1110 2716 1229 2779 motus
1261 2702 1423 2802 corporis
1462 2708 1509 2783 de
1552 2714 1631 2789 loco
1669 2716 1758 2805 dato,

490 2823 579 2895 data
595 2848 678 2897 cum
695 2823 885 2912 velocitate,
902 2823 1095 2896 secundum
1112 2822 1241 2895 datam
1257 2834 1392 2896 rectam
1408 2828 1554 2922 egressi.

357 2974 551 3048 Stantibus
585 3000 670 3071 quae
705 2974 742 3047 in
778 2973 896 3047 tribus
929 2972 1244 3070 propositionibus
1278 2975 1615 3071 praecedentibus:
1655 3004 1757 3063 exeat

280 4894 415 4965 corpus
445 4869 493 4943 de
523 4869 605 4946 loco
634 4874 661 4944 Ι
683 4875 886 4976 secundum
913 4875 1085 4952 lineolam
1111 4882 1141 4952 I
1149 4880 1201 4967 K,
1227 4908 1272 4954 ea
1298 4907 1381 4954 cum
1409 4883 1613 4965 velocitate
1637 4910 1735 4989 quam
