4110 5782
414 429 486 517 3ffi
898 419 1397 480 mmmmmm

484 693 856 770 PROPOSITIO
903 691 1145 766 XXXVII.
1220 693 1574 772 THEOREMA
1625 705 1797 781 XXIX.

415 870 597 966 Cylindri‚
628 868 697 966 qui
727 867 768 939 in
782 865 907 961 stzer'do
936 873 1127 958 compresso
1161 864 1310 959 infinito
1339 870 1387 945 ὅ
1412 897 1484 943 non
1511 874 1653 947 elastico
1677 880 1869 952 secundum

462 1003 729 1099 longitudinem
780 1025 887 1072 suam
939 998 1183 1092 uniformiter
1223 1005 1477 1098 progreditur,
1527 1011 1739 1098 resistentia,
1793 1042 1874 1111 quoe

458 1141 586 1215 oritur
616 1164 640 1211 a
671 1134 925 1231 magnitudine
956 1135 1118 1206 sectionis
1148 1145 1353 1223 tranversa,
1385 1151 1437 1213 est
1469 1144 1522 1215 ad
1552 1146 1626 1217 nim
1661 1174 1734 1243 qua
1769 1160 1865 1225 totus

458 1276 536 1370 ejus
569 1282 695 1357 motus,
724 1272 861 1342 interea
894 1269 984 1341 dum
1017 1270 1268 1365 quadruplum
1304 1273 1548 1369 longitudinis
1584 1307 1660 1352 snee
1691 1283 1868 1377 describit,

458 1414 518 1486 uel
556 1409 641 1483 tolli
670 1407 790 1503 possit
831 1405 889 1477 oel
920 1407 1103 1501 generari,
1139 1416 1183 1477 ut
1224 1407 1381 1483 densitas
1418 1413 1528 1486 medii
1567 1417 1619 1488 ad
1657 1418 1867 1493 densitatem

459 1549 622 1648 cylindri
635 1544 914 1644 quamproxime.

479 1789 578 1862 Nam
593 1814 623 1861 sr
615 1787 755 1860 vasA
765 1785 891 1857 Boc
899 1783 1015 1855 fundo
1027 1807 1095 1855 suo
1112 1784 1189 1855 CD
1202 1809 1261 1856 su
1364 1794 1389 1846 K
1392 1843 1567 1856 ...................
1568 1791 1584 1862 1
1587 1848 1750 1859 ...................
1751 1798 1774 1878 ξι

407 1905 594 2001 perficiem
609 1929 717 1998 aquae
730 1899 936 1998 stagnantis
955 1913 1092 1995 tangat,
1113 1899 1263 1995 &aqua

406 2046 454 2093 ex
495 2020 565 2093 hoc
599 2043 689 2092 vase
722 2041 790 2112 per
823 2012 988 2087 canalem
1023 2013 1262 2109 cylindricum

406 2139 448 2211 E
455 2139 498 2209 F
510 2137 547 2210 T
553 2136 587 2208 S
625 2132 804 2208 horizonti
844 2129 1185 2226 perpendicularem
1225 2133 1259 2203 in

406 2279 541 2350 aquam
563 2264 798 2348 stagnantem
825 2246 961 2334 effluat,
980 2245 1121 2319 locetur
1137 2263 1261 2320 autem

405 2367 570 2445 circellus
599 2367 683 2456 PQ
714 2362 893 2437 horizonti
924 2360 1119 2456 parallelus
1140 2364 1262 2435 ubivis
1375 2387 1381 2402 ¹

406 2486 442 2560 in
470 2484 593 2559 medio
619 2480 765 2566 canalis,
788 2480 824 2552 81
851 2479 1074 2575 producatur
1102 2480 1136 2551 C
1143 2480 1184 2550 A
1213 2480 1260 2551 ad

404 2603 457 2689 K,
472 2618 513 2676 ut
526 2603 574 2673 sit
587 2601 627 2671 A
642 2599 690 2672 K
698 2580 745 2670 id
764 2597 851 2669 CK
865 2596 901 2668 in
920 2593 1106 2689 duplicata
1120 2596 1262 2668 ratione

405 2743 517 2814 quam
536 2715 648 2789 habet
674 2737 847 2786 excessus
865 2710 992 2784 orificii
1019 2709 1157 2783 canalis
1174 2712 1216 2783 E
1226 2713 1268 2783 F

404 2860 517 2930 supra
544 2829 728 2905 circellum
756 2829 841 2917 Po
870 2827 919 2899 ad
947 2824 1122 2898 circulum
1150 2828 1190 2898 A
1205 2828 1262 2900 B:

405 2950 641 3024 manifestum
666 2961 723 3020 est
753 2946 833 3041 (per
858 2969 929 3017 cas,
950 2964 968 3036 5
998 2968 1069 3016 cas.
1091 2949 1113 3014 6
1133 2943 1168 3015 &
1186 2969 1257 3017 cor.

410 3092 423 3140 1
466 3092 569 3163 prop.
602 3063 737 3158 xxxv1)
779 3060 880 3158 quod
920 3057 1097 3132 velocitas
1140 3085 1259 3155 aquae,

403 3182 627 3258 transeuntis
641 3206 708 3276 per
730 3180 890 3275 spatium
908 3175 1084 3248 annulare
1108 3177 1202 3250 inter
1215 3176 1398 3250 circellum
1418 3178 1454 3251 u
1472 3177 1586 3253 latera
1603 3184 1710 3268 vasis
1730 3209 1775 3256 ea
1792 3184 1861 3255 erit

402 3329 514 3399 quam
540 3325 638 3396 aqua
664 3297 834 3370 cadendo
861 3295 896 3367 81
923 3320 1009 3367 casu
1037 3319 1105 3367 suo
1140 3294 1385 3370 describendo
1420 3294 1653 3373 altitudinem
1689 3302 1738 3373 K
1743 3303 1776 3374 C
1798 3301 1857 3374 vel

358 3449 361 3457 ⁴
403 3420 432 3492 Ι
442 3419 478 3493 G
494 3418 684 3513 acquirere
708 3429 840 3509 potest.

472 3536 525 3609 Et
557 3533 639 3631 (per
672 3528 780 3605 corol.
813 3554 838 3602 x
867 3553 969 3624 prop.
1007 3526 1142 3625 xxxvi)
1179 3529 1210 3601 si
1245 3530 1345 3601 vasis
1379 3530 1536 3605 latitudo
1563 3534 1611 3606 sit
1639 3535 1788 3623 infinita,
1818 3556 1858 3611 ut

401 3650 536 3725 lineola
553 3650 604 3722 H
609 3650 638 3721 I
665 3643 916 3721 evanescat&
946 3641 1160 3714 altitudines
1183 3644 1265 3729 lG,
1285 3646 1382 3718 HG
1411 3666 1628 3743 aequentur:
1659 3652 1716 3723 vis
1749 3679 1856 3749 aquae

401 3766 597 3841 defluentis
617 3766 653 3838 in
672 3760 856 3837 circellum
874 3761 943 3833 erit
963 3758 1011 3830 ad
1039 3759 1183 3854 pondus
1201 3760 1354 3855 cylindri
1373 3764 1476 3860 cujus
1503 3766 1600 3837 basis
1619 3783 1675 3840 est
1693 3768 1857 3842 circellus

401 3872 515 3959 ille&
540 3883 697 3957 altitudo
718 3897 776 3954 est
803 3881 850 3978 pl
863 3879 907 3964 G,
927 3891 967 3948 ut
993 3875 1034 3946 E
1043 3875 1105 3971 Fq
1130 3876 1177 3947 ad
1205 3880 1245 3950 E
1254 3880 1508 3977 Fq-sPQq,
1536 3907 1648 3977 quam
1675 3888 1851 3979 proxime,

403 4002 503 4075 Nam
530 4003 587 4075 vis
613 4025 732 4097 aquae,
760 3997 931 4070 uniformi
959 4013 1060 4071 motu
1087 3997 1283 4070 defluentis
1302 4022 1369 4091 per
1395 4012 1512 4070 totum
1531 3998 1705 4086 canalem,
1724 4003 1854 4074 eadem

400 4119 469 4192 erit
488 4119 523 4191 in
542 4115 726 4190 circellum
745 4117 782 4186 P
796 4115 837 4204 Q,
858 4115 894 4186 in
913 4141 1133 4212 quacunque
1151 4113 1287 4188 canalis
1305 4131 1410 4210 parte
1429 4114 1598 4190 locatum.

345 4234 366 4318 ,’
469 4232 699 4306 Claudantur
718 4234 797 4330 jam
824 4229 960 4303 canalis
978 4231 1116 4304 orificia
1141 4233 1181 4303 E
1191 4232 1235 4317 F,
1255 4231 1289 4303 S
1304 4230 1344 4314 T,
1364 4231 1400 4303 81
1426 4234 1602 4306 ascendat
1628 4234 1790 4308 circellus
1819 4237 1853 4308 in

400 4350 515 4423 fluido
542 4349 706 4444 undique
734 4373 946 4443 compresso
974 4346 1011 4420 u
1038 4373 1193 4420 ascensu
1224 4372 1293 4419 suo
1323 4363 1433 4443 cogat
1462 4374 1596 4444 aquam
1627 4353 1853 4446 superiorem

400 4466 626 4539 descendere
654 4490 720 4561 per
746 4465 907 4560 spatium
938 4464 1114 4538 annulare
1143 4465 1237 4537 inter
1266 4463 1449 4537 circellum
1481 4464 1517 4536 81
1548 4463 1662 4539 latera
1693 4466 1852 4541 canalis:

400 4581 437 4655 81
471 4580 647 4655 velocitas
682 4579 812 4654 circelli
848 4582 1083 4655 ascendentis
1119 4583 1188 4655 erit
1222 4584 1269 4655 ad
1305 4581 1539 4656 velocitatem
1566 4609 1673 4680 aquae
1700 4587 1851 4659 descen-

400 4700 521 4773 dentis
552 4714 593 4771 ut
620 4698 826 4772 differentia
856 4698 1072 4773 circulorum
1100 4702 1191 4773 EF
1216 4701 1251 4773 &
1282 4701 1367 4790 PQ
1403 4700 1450 4771 ad
1486 4699 1658 4772 circulum
1689 4704 1783 4792 PQ,
1817 4703 1853 4776 u

398 4814 574 4891 velocitas
603 4813 734 4889 circelli
765 4816 999 4888 ascendentis
1034 4816 1081 4887 ad
1110 4842 1292 4889 summam
1328 4815 1574 4902 velocitatum‚
1605 4817 1674 4891 hoc
1709 4835 1774 4901 est,
1803 4820 1850 4891 ad
