4110 5782
418 409 491 493 406
872 402 940 460 DE
960 402 1005 460 M
1006 401 1126 461 UNDI
1142 401 1167 460 S
1174 399 1350 460 YSTEMA
1356 401 1414 458 TE

419 597 585 671 mercurii
606 597 642 668 in
661 622 819 692 vapores
845 597 970 670 statim
997 596 1124 670 abiret
1181 595 1282 668 Nam
1301 592 1364 667 lux
1390 593 1488 681 solis,
1508 597 1565 669 cui
1597 595 1697 671 calor
1723 624 1877 697 propor-

418 712 564 786 tionalis
583 729 649 798 est,
668 712 841 809 septuplo
859 714 1009 787 densior
1025 728 1083 786 est
1110 713 1146 785 in
1165 713 1254 785 orbe
1281 712 1450 784 mercurii
1468 738 1580 809 quam
1599 716 1698 810 apud
1719 742 1811 792 nos:
1839 719 1878 791 81

418 830 685 903 thermometro
716 847 891 927 expertus
919 857 1002 904 sum
1035 830 1135 926 quod
1162 829 1334 926 septuplo
1360 829 1448 903 solis
1479 831 1599 902 aestivi
1629 831 1749 906 calore
1777 861 1878 931 aqua

418 946 554 1021 ebullit.
624 947 789 1021 Dubium
818 974 908 1021 vero
937 973 1011 1020 non
1042 964 1100 1020 est
1127 947 1216 1043 quin
1251 948 1406 1019 materia
1436 949 1603 1020 mercurii
1632 949 1679 1020 ad
1715 949 1877 1023 calorem

419 1064 726 1151 accommodetur,
757 1064 793 1136 8r
821 1081 1019 1160 propterea
1046 1065 1196 1137 densior
1229 1065 1278 1137 sit
1312 1064 1381 1136 hac
1412 1079 1558 1152 nostra;
1602 1091 1686 1138 curn
1722 1069 1878 1140 materia
1977 1064 1983 1071 ’

419 1182 540 1254 omnis
564 1182 714 1255 densior
740 1182 788 1255 ad
816 1181 1051 1276 operationes
1080 1179 1264 1254 naturales
1291 1181 1483 1254 obeundas
1507 1183 1685 1279 majorem
1716 1182 1877 1257 calorem

420 1301 590 1395 requirat

549 1473 551 1477 ⁵
615 1530 989 1605 Pnorosrrro
1036 1530 1118 1604 rx.
1190 1528 1547 1603 Turonenn
1595 1529 1675 1608 rx,

423 1711 653 1785 Grovilalem
660 1712 845 1809 pergendo
861 1738 885 1784 u
901 1711 1151 1808 septeeficiebus
1166 1711 1411 1807 planetarum
1435 1710 1601 1784 deorsum
1626 1712 1813 1787 decrescere
1833 1715 1875 1787 in

688 1848 830 1920 ratione
844 1846 1110 1920 distantiarum
1126 1872 1150 1918 a
1168 1854 1287 1918 centro
1303 1847 1602 1941 quamproxime.

418 2057 421 2061 '
470 2044 512 2117 Si
543 2046 697 2119 materia
724 2044 883 2141 planetae
919 2045 1042 2141 quoad
1073 2043 1295 2117 densitatem
1331 2043 1522 2116 uniformis
1557 2058 1665 2129 esset,
1693 2045 1878 2118 obtineret

418 2160 499 2234 haec
516 2163 721 2258 propositio
738 2179 930 2237 accurate:
958 2188 1024 2259 per
1041 2188 1144 2258 prop.
1164 2184 1286 2233 Lxxru
1304 2159 1364 2233 lib.
1391 2185 1418 2233 1.
1486 2161 1731 2259 Error—igitur
1749 2178 1875 2235 tantus

419 2294 486 2367 est,
505 2297 665 2376 quantus
682 2281 730 2353 ab
749 2279 959 2377 inaequabili
978 2280 1163 2354 densitate
1180 2279 1265 2352 oriri
1283 2279 1409 2374 possit

657 2544 1030 2623 PROPOSITIO
1077 2542 1544 2619 X.'THEOREMA
1591 2546 1645 2622 X.

587 2730 720 2803 Melus
728 2731 972 2825 planetarum
990 2726 1030 2799 in
1048 2725 1144 2799 celei
1160 2725 1361 2798 diutissime
1376 2726 1586 2799 conservari
1591 2737 1702 2823 pesse.

491 2926 534 2998 In
565 2926 705 3001 scholio
735 2925 997 3024 propositionis
1028 2948 1078 2996 xn
1105 2922 1165 2997 lib.
1202 2947 1241 2996 11
1274 2937 1465 2996 ostensum
1508 2941 1566 2998 est
1604 2926 1705 3021 quod
1739 2924 1875 3024 globus

418 3069 527 3140 aquae
562 3044 776 3142 congelatae‚
811 3045 847 3117 in
882 3055 968 3117 ae're
1002 3058 1128 3116 nostro
1162 3040 1277 3114 libere
1311 3041 1498 3115 movendo
1534 3042 1570 3114 8r
1603 3042 1874 3141 longitudinem

420 3163 684 3236 semidiametri
713 3188 791 3236 suae
819 3158 1074 3249 describendo,
1101 3184 1149 3231 ex
1179 3158 1387 3231 resistentia
1412 3157 1507 3231 ae'ris
1535 3160 1723 3232 amitteret
1749 3177 1873 3234 motus

419 3278 475 3351 sui
507 3295 650 3375 partem
678 3280 768 3360 ηιπ.
841 3277 997 3352 Obtinet
1026 3292 1150 3348 autem
1179 3275 1310 3348 eadem
1341 3276 1530 3371 proportio
1561 3303 1673 3373 quam
1704 3279 1873 3373 proxime
1898 3366 1901 3371 ¹

420 3394 456 3467 in
486 3395 608 3494 globis
636 3413 823 3494 utcunque
850 3394 996 3492 magnis
1027 3392 1063 3465 ἃ
1086 3390 1284 3465 velocibus.
1347 3392 1432 3487 Jam
1463 3419 1553 3466 vero
1583 3393 1736 3492 globum
1764 3412 1873 3469 terrae

418 3529 554 3586 nostrae
572 3513 782 3588 densiorem
800 3539 891 3600 esse,
911 3537 1023 3609 quam
1049 3510 1080 3583 si
1108 3525 1206 3583 totus
1234 3536 1281 3583 ex
1309 3535 1407 3605 aqua
1434 3527 1627 3599 constaret,
1647 3512 1699 3585 sic
1726 3512 1869 3611 colligo.

419 3629 460 3702 Si
477 3626 611 3726 globus
640 3631 741 3703 hicce
770 3645 869 3703 totus
897 3644 997 3703 esset
1022 3652 1173 3724 aqueus,
1193 3652 1425 3722 quaecunque
1454 3629 1592 3702 rariora
1618 3647 1743 3703 essent
1761 3657 1872 3726 quam

417 3747 605 3842 aqua,<ob
634 3747 813 3820 minorem
844 3746 1053 3842 specificam
1078 3744 1301 3841 gravitatem
1327 3760 1560 3842 emergerent
1591 3745 1627 3818 &
1657 3763 1871 3842 supernata-

417 3877 508 3935 rent.
566 3863 699 3959 anue
726 3864 775 3937 de
803 3889 914 3935 causa
939 3861 1073 3959 globus
1102 3876 1244 3932 terreus
1274 3860 1381 3955 aquis
1412 3860 1576 3957 undique
1603 3879 1808 3957 coopertus,
1837 3864 1871 3936 si

417 3980 532 4053 rarior
574 3997 674 4053 esset
716 4006 828 4077 quam
863 4005 969 4076 aqua,
1005 3991 1212 4074 emergeret
1246 3974 1389 4063 alicubi,
1427 3976 1462 4048 81
1496 4002 1594 4073 aqua
1628 3979 1749 4051 omnis
1785 3980 1871 4052 inde

416 4098 584 4171 defluens
611 4113 899 4196 congregaretur
924 4097 961 4169 in
988 4094 1140 4192 regione
1166 4093 1347 4188 opposita.
1404 4093 1457 4166 Et
1474 4120 1541 4190 par
1559 4112 1616 4166 est
1642 4097 1735 4168 ratio
1761 4111 1870 4170 terrae

416 4231 552 4289 nostrae
571 4216 734 4288 maribus
762 4239 898 4311 magna
918 4229 1098 4307 exparte
1126 4211 1370 4285 circumdatae.
1429 4210 1527 4282 Haec
1557 4211 1587 4281 si
1616 4211 1767 4285 densior
1794 4238 1868 4286 non

413 4349 522 4419 esset,
541 4349 748 4430 emergeret
766 4358 813 4404 ex
831 4328 1002 4413 maribus,
1023 4326 1058 4399 81
1086 4341 1190 4421 parte
1214 4327 1270 4397 sui
1296 4352 1364 4422 pro
1391 4327 1510 4424 gradu
1538 4325 1698 4399 levitatis
1727 4345 1871 4403 extaret

412 4474 460 4521 ex
495 4476 600 4546 aqua,
638 4448 800 4521 maribus
834 4445 1006 4519 omnibus
1038 4443 1074 4514 in
1110 4442 1299 4539 regionem
1342 4444 1554 4539 oppositam
1589 4443 1868 4518 confluentibus,

416 4563 562 4635 Eodem
581 4579 799 4660 argumento
818 4560 972 4635 maculae
990 4559 1129 4633 solares
1147 4557 1304 4631 leviores
1331 4577 1418 4634 sunt
1436 4586 1548 4657 quam
1576 4561 1729 4632 materia
1748 4559 1869 4633 lucida

414 4677 542 4751 solaris
577 4681 634 4751 cui
669 4695 918 4775 supernatant
999 4678 1052 4750 Et
1087 4677 1123 4748 in
1158 4675 1378 4749 formatione
1418 4678 1665 4773 qualicunque
1700 4676 1866 4772 planeta-

413 4825 505 4890 rum,
525 4826 572 4873 ex
590 4824 687 4894 aqua
704 4799 858 4872 materia
883 4798 1003 4871 omnis
1020 4796 1179 4894 gravior,
1198 4821 1274 4892 quo
1301 4812 1467 4892 tempore
1496 4824 1617 4871 massa
1645 4797 1759 4870 fluida
1776 4814 1864 4883 erat,
