<?xml version="1.0" encoding="UTF-8"?>
<!DOCTYPE html PUBLIC "-//W3C//DTD XHTML 1.0 Transitional//EN"
    "http://www.w3.org/TR/xhtml1/DTD/xhtml1-transitional.dtd">
<html xmlns="http://www.w3.org/1999/xhtml" xml:lang="en" lang="en">
 <head>
  <title>
</title>
<meta http-equiv="Content-Type" content="text/html;charset=utf-8" />
  <meta name='ocr-system' content='tesseract 3.04.00' />
  <meta name='ocr-capabilities' content='ocr_page ocr_carea ocr_par ocr_line ocrx_word'/>
</head>
<body>
  <div class='ocr_page' id='page_1' title='image "./sirisaacnewtons01newtgoog_0385.png"; bbox 0 0 1583 1669; ppageno 0'>
   <div class='ocr_carea' id='block_1_1' title="bbox 431 299 917 321">
    <p class='ocr_par' dir='ltr' id='par_1_1' title="bbox 431 299 917 321">
     <span class='ocr_line' id='line_1_1' title="bbox 431 299 917 321; baseline -0.002 -7"><span class='ocrx_word' id='word_1_1' title='bbox 431 303 467 321; x_wconf 82' lang='lat'><strong>³44</strong></span> <span class='ocrx_word' id='word_1_2' title='bbox 670 300 703 314; x_wconf 56' lang='lat' dir='ltr'><strong>zm&lt;</strong></span> <span class='ocrx_word' id='word_1_3' title='bbox 714 299 780 315; x_wconf 68' lang='lat' dir='ltr'><strong>,nore</strong></span> <span class='ocrx_word' id='word_1_4' title='bbox 790 299 879 314; x_wconf 65' lang='lat' dir='ltr'><strong>com’oae</strong></span> <span class='ocrx_word' id='word_1_5' title='bbox 883 299 917 314; x_wconf 83' lang='lat' dir='ltr'><strong>UM</strong></span> 
     </span>
    </p>
   </div>
   <div class='ocr_carea' id='block_1_2' title="bbox 532 387 1055 406">
    <p class='ocr_par' dir='ltr' id='par_1_2' title="bbox 532 387 1055 406">
     <span class='ocr_line' id='line_1_2' title="bbox 532 387 1055 406; baseline 0 0"><span class='ocrx_word' id='word_1_6' title='bbox 532 387 718 406; x_wconf 86' lang='lat' dir='ltr'>PROPOSITIO</span> <span class='ocrx_word' id='word_1_7' title='bbox 738 388 785 406; x_wconf 89' lang='lat' dir='ltr'><strong>XL.</strong></span> <span class='ocrx_word' id='word_1_8' title='bbox 826 387 994 406; x_wconf 88' lang='lat' dir='ltr'>PROBLEMA</span> <span class='ocrx_word' id='word_1_9' title='bbox 1014 387 1055 406; x_wconf 89' lang='lat' dir='ltr'><strong>IX.</strong></span> 
     </span>
    </p>
   </div>
   <div class='ocr_carea' id='block_1_3' title="bbox 429 436 1159 495">
    <p class='ocr_par' dir='ltr' id='par_1_3' title="bbox 429 436 1159 495">
     <span class='ocr_line' id='line_1_3' title="bbox 429 436 1159 461; baseline 0.001 -7"><span class='ocrx_word' id='word_1_10' title='bbox 429 436 487 458; x_wconf 71' lang='lat' dir='ltr'><strong>Globi,</strong></span> <span class='ocrx_word' id='word_1_11' title='bbox 494 436 514 455; x_wconf 82' lang='lat' dir='ltr'><strong>in</strong></span> <span class='ocrx_word' id='word_1_12' title='bbox 522 437 694 461; x_wconf 76' lang='lat' dir='ltr'><strong>mediastuidissimo</strong></span> <span class='ocrx_word' id='word_1_13' title='bbox 700 440 797 461; x_wconf 73' lang='lat' dir='ltr'><strong>compresso</strong></span> <span class='ocrx_word' id='word_1_14' title='bbox 801 437 940 461; x_wconf 67' lang='lat' dir='ltr'><strong>prograz&#39;imtis,</strong></span> <span class='ocrx_word' id='word_1_15' title='bbox 947 437 1029 455; x_wconf 76' lang='lat' dir='ltr'><strong>invenire</strong></span> <span class='ocrx_word' id='word_1_16' title='bbox 1036 437 1159 455; x_wconf 77' lang='lat' dir='ltr'><em>resistentiam</em></span> 
     </span>
     <span class='ocr_line' id='line_1_4' title="bbox 707 471 872 495; baseline 0 -6"><span class='ocrx_word' id='word_1_17' title='bbox 707 473 745 495; x_wconf 78' lang='lat' dir='ltr'><strong>per</strong></span> <span class='ocrx_word' id='word_1_18' title='bbox 748 471 872 495; x_wconf 62' lang='lat' dir='ltr'><strong>phoenomena.</strong></span> 
     </span>
    </p>
   </div>
   <div class='ocr_carea' id='block_1_4' title="bbox 424 523 1159 1014">
    <p class='ocr_par' dir='ltr' id='par_1_4' title="bbox 425 523 1159 840">
     <span class='ocr_line' id='line_1_5' title="bbox 461 523 1159 549; baseline 0 -7"><span class='ocrx_word' id='word_1_19' title='bbox 461 523 490 542; x_wconf 90' lang='lat' dir='ltr'><strong>Sit</strong></span> <span class='ocrx_word' id='word_1_20' title='bbox 500 524 518 542; x_wconf 88' lang='lat' dir='ltr'><strong>A</strong></span> <span class='ocrx_word' id='word_1_21' title='bbox 532 524 606 548; x_wconf 90' lang='lat' dir='ltr'><strong>pondus</strong></span> <span class='ocrx_word' id='word_1_22' title='bbox 618 524 670 549; x_wconf 84' lang='lat' dir='ltr'><strong>globi</strong></span> <span class='ocrx_word' id='word_1_23' title='bbox 683 525 701 542; x_wconf 92' lang='lat' dir='ltr'><strong>in</strong></span> <span class='ocrx_word' id='word_1_24' title='bbox 711 531 775 546; x_wconf 85' lang='lat' dir='ltr'><strong>vacuo,</strong></span> <span class='ocrx_word' id='word_1_25' title='bbox 787 524 801 542; x_wconf 90' lang='lat' dir='ltr'>B</span> <span class='ocrx_word' id='word_1_26' title='bbox 815 524 889 549; x_wconf 89' lang='lat' dir='ltr'><strong>pondus</strong></span> <span class='ocrx_word' id='word_1_27' title='bbox 897 524 937 548; x_wconf 89' lang='lat' dir='ltr'><strong>ejus</strong></span> <span class='ocrx_word' id='word_1_28' title='bbox 951 524 969 542; x_wconf 90' lang='lat' dir='ltr'><strong>in</strong></span> <span class='ocrx_word' id='word_1_29' title='bbox 983 523 1045 542; x_wconf 82' lang='lat' dir='ltr'><strong>medio</strong></span> <span class='ocrx_word' id='word_1_30' title='bbox 1052 523 1159 548; x_wconf 72' lang='lat' dir='ltr'>resistente,</span> 
     </span>
     <span class='ocr_line' id='line_1_6' title="bbox 429 552 1158 577; baseline 0.001 -7"><span class='ocrx_word' id='word_1_31' title='bbox 429 552 447 570; x_wconf 91' lang='lat' dir='ltr'>D</span> <span class='ocrx_word' id='word_1_32' title='bbox 456 552 547 571; x_wconf 80' lang='lat' dir='ltr'>diameter</span> <span class='ocrx_word' id='word_1_33' title='bbox 558 553 614 577; x_wconf 83' lang='lat' dir='ltr'><strong>globi,</strong></span> <span class='ocrx_word' id='word_1_34' title='bbox 626 553 641 571; x_wconf 92' lang='lat' dir='ltr'>F</span> <span class='ocrx_word' id='word_1_35' title='bbox 654 553 735 577; x_wconf 86' lang='lat' dir='ltr'><strong>spatium</strong></span> <span class='ocrx_word' id='word_1_36' title='bbox 748 553 799 577; x_wconf 90' lang='lat' dir='ltr'><strong>quod</strong></span> <span class='ocrx_word' id='word_1_37' title='bbox 812 554 836 572; x_wconf 88' lang='lat' dir='ltr'><strong>sit</strong></span> <span class='ocrx_word' id='word_1_38' title='bbox 850 553 874 571; x_wconf 91' lang='lat' dir='ltr'><strong>ad</strong></span> <span class='ocrx_word' id='word_1_39' title='bbox 887 553 923 577; x_wconf 61' lang='lat'><strong>31)</strong></span> <span class='ocrx_word' id='word_1_40' title='bbox 938 556 958 571; x_wconf 88' lang='lat' dir='ltr'><strong>ut</strong></span> <span class='ocrx_word' id='word_1_41' title='bbox 972 553 1055 571; x_wconf 80' lang='lat' dir='ltr'>densitas</span> <span class='ocrx_word' id='word_1_42' title='bbox 1068 552 1121 577; x_wconf 83' lang='lat' dir='ltr'><strong>globi</strong></span> <span class='ocrx_word' id='word_1_43' title='bbox 1134 553 1158 571; x_wconf 85' lang='lat' dir='ltr'><strong>ad</strong></span> 
     </span>
     <span class='ocr_line' id='line_1_7' title="bbox 427 581 1159 606; baseline 0.001 -7"><span class='ocrx_word' id='word_1_44' title='bbox 427 581 538 600; x_wconf 83' lang='lat' dir='ltr'><strong>densitatem</strong></span> <span class='ocrx_word' id='word_1_45' title='bbox 548 582 609 604; x_wconf 87' lang='lat' dir='ltr'><strong>medii,</strong></span> <span class='ocrx_word' id='word_1_46' title='bbox 617 582 635 600; x_wconf 92' lang='lat' dir='ltr'><strong>id</strong></span> <span class='ocrx_word' id='word_1_47' title='bbox 642 586 676 603; x_wconf 87' lang='lat' dir='ltr'><strong>est,</strong></span> <span class='ocrx_word' id='word_1_48' title='bbox 684 586 704 601; x_wconf 85' lang='lat' dir='ltr'><strong>ut</strong></span> <span class='ocrx_word' id='word_1_49' title='bbox 711 582 729 600; x_wconf 93' lang='lat' dir='ltr'><strong>A</strong></span> <span class='ocrx_word' id='word_1_50' title='bbox 737 582 761 600; x_wconf 91' lang='lat' dir='ltr'><strong>ad</strong></span> <span class='ocrx_word' id='word_1_51' title='bbox 769 582 836 604; x_wconf 75' lang='lat' dir='ltr'><strong>A—B,</strong></span> <span class='ocrx_word' id='word_1_52' title='bbox 843 582 861 600; x_wconf 84' lang='lat' dir='ltr'>G</span> <span class='ocrx_word' id='word_1_53' title='bbox 871 586 944 606; x_wconf 82' lang='lat' dir='ltr'><strong>tempus</strong></span> <span class='ocrx_word' id='word_1_54' title='bbox 951 588 989 606; x_wconf 88' lang='lat' dir='ltr'><strong>quo</strong></span> <span class='ocrx_word' id='word_1_55' title='bbox 997 581 1065 606; x_wconf 80' lang='lat' dir='ltr'><strong>globus</strong></span> <span class='ocrx_word' id='word_1_56' title='bbox 1074 582 1159 606; x_wconf 83' lang='lat' dir='ltr'><strong>pondere</strong></span> 
     </span>
     <span class='ocr_line' id='line_1_8' title="bbox 428 610 1159 637; baseline 0.001 -9"><span class='ocrx_word' id='word_1_57' title='bbox 428 610 443 628; x_wconf 90' lang='lat' dir='ltr'>B</span> <span class='ocrx_word' id='word_1_58' title='bbox 452 610 492 628; x_wconf 87' lang='lat' dir='ltr'><strong>sine</strong></span> <span class='ocrx_word' id='word_1_59' title='bbox 505 611 610 629; x_wconf 83' lang='lat' dir='ltr'><strong>resistentia</strong></span> <span class='ocrx_word' id='word_1_60' title='bbox 618 611 703 630; x_wconf 83' lang='lat' dir='ltr'><strong>cadendo</strong></span> <span class='ocrx_word' id='word_1_61' title='bbox 711 611 799 637; x_wconf 84' lang='lat' dir='ltr'><strong>describit</strong></span> <span class='ocrx_word' id='word_1_62' title='bbox 812 611 892 635; x_wconf 89' lang='lat' dir='ltr'><strong>spatium</strong></span> <span class='ocrx_word' id='word_1_63' title='bbox 907 611 928 632; x_wconf 89' lang='lat' dir='ltr'><strong>F,</strong></span> <span class='ocrx_word' id='word_1_64' title='bbox 938 611 956 629; x_wconf 85' lang='lat'>&amp;</span> <span class='ocrx_word' id='word_1_65' title='bbox 971 611 989 629; x_wconf 87' lang='grc' dir='ltr'>Η</span> <span class='ocrx_word' id='word_1_66' title='bbox 1002 610 1092 629; x_wconf 86' lang='lat' dir='ltr'><strong>velocitas</strong></span> <span class='ocrx_word' id='word_1_67' title='bbox 1101 617 1159 635; x_wconf 86' lang='lat' dir='ltr'><strong>quarn</strong></span> 
     </span>
     <span class='ocr_line' id='line_1_9' title="bbox 426 639 1158 665; baseline 0.001 -8"><span class='ocrx_word' id='word_1_68' title='bbox 426 639 493 663; x_wconf 82' lang='lat' dir='ltr'><strong>globus</strong></span> <span class='ocrx_word' id='word_1_69' title='bbox 502 640 559 658; x_wconf 82' lang='lat' dir='ltr'><strong>hocce</strong></span> <span class='ocrx_word' id='word_1_70' title='bbox 568 646 610 658; x_wconf 86' lang='lat' dir='ltr'><strong>casu</strong></span> <span class='ocrx_word' id='word_1_71' title='bbox 620 647 654 659; x_wconf 87' lang='lat' dir='ltr'><strong>suo</strong></span> <span class='ocrx_word' id='word_1_72' title='bbox 663 641 746 665; x_wconf 84' lang='lat' dir='ltr'><strong>acquirit.</strong></span> <span class='ocrx_word' id='word_1_73' title='bbox 774 641 844 659; x_wconf 81' lang='lat' dir='ltr'><strong>Et&#39;erit</strong></span> <span class='ocrx_word' id='word_1_74' title='bbox 858 640 877 658; x_wconf 85' lang='lat' dir='ltr'>H</span> <span class='ocrx_word' id='word_1_75' title='bbox 888 640 977 658; x_wconf 79' lang='lat' dir='ltr'><strong>velocitas</strong></span> <span class='ocrx_word' id='word_1_76' title='bbox 987 640 1069 658; x_wconf 85' lang='lat' dir='ltr'><strong>maxima</strong></span> <span class='ocrx_word' id='word_1_77' title='bbox 1078 646 1158 664; x_wconf 82' lang='lat' dir='ltr'><strong>quacum</strong></span> 
     </span>
     <span class='ocr_line' id='line_1_10' title="bbox 426 668 1157 693; baseline 0.001 -7"><span class='ocrx_word' id='word_1_78' title='bbox 426 668 497 693; x_wconf 83' lang='lat' dir='ltr'><strong>globus,</strong></span> <span class='ocrx_word' id='word_1_79' title='bbox 515 669 598 693; x_wconf 87' lang='lat' dir='ltr'><strong>pondere</strong></span> <span class='ocrx_word' id='word_1_80' title='bbox 616 676 650 688; x_wconf 91' lang='lat' dir='ltr'><strong>suo</strong></span> <span class='ocrx_word' id='word_1_81' title='bbox 673 670 693 691; x_wconf 91' lang='lat' dir='ltr'><strong>B,</strong></span> <span class='ocrx_word' id='word_1_82' title='bbox 711 670 730 688; x_wconf 94' lang='lat' dir='ltr'><strong>in</strong></span> <span class='ocrx_word' id='word_1_83' title='bbox 752 670 814 688; x_wconf 85' lang='lat' dir='ltr'><strong>medio</strong></span> <span class='ocrx_word' id='word_1_84' title='bbox 832 670 930 688; x_wconf 83' lang='lat' dir='ltr'><strong>resistente</strong></span> <span class='ocrx_word' id='word_1_85' title='bbox 951 673 1014 693; x_wconf 85' lang='lat' dir='ltr'><strong>potest</strong></span> <span class='ocrx_word' id='word_1_86' title='bbox 1035 669 1157 691; x_wconf 81' lang='lat' dir='ltr'><strong>descendere,</strong></span> 
     </span>
     <span class='ocr_line' id='line_1_11' title="bbox 427 697 1158 723; baseline 0.001 -8"><span class='ocrx_word' id='word_1_87' title='bbox 427 703 460 721; x_wconf 83' lang='lat' dir='ltr'><strong>per</strong></span> <span class='ocrx_word' id='word_1_88' title='bbox 477 697 531 716; x_wconf 90' lang='lat' dir='ltr'><strong>corol.</strong></span> <span class='ocrx_word' id='word_1_89' title='bbox 548 704 558 716; x_wconf 88' lang='lat'><em>2</em></span> <span class='ocrx_word' id='word_1_90' title='bbox 577 705 628 722; x_wconf 85' lang='lat' dir='ltr'><strong>prop.</strong></span> <span class='ocrx_word' id='word_1_91' title='bbox 647 704 736 717; x_wconf 85' lang='lat' dir='ltr'><strong>xxxvm:</strong></span> <span class='ocrx_word' id='word_1_92' title='bbox 754 699 772 717; x_wconf 71' lang='lat'><strong>8:</strong></span> <span class='ocrx_word' id='word_1_93' title='bbox 790 699 899 719; x_wconf 84' lang='lat' dir='ltr'><strong>resistentia,</strong></span> <span class='ocrx_word' id='word_1_94' title='bbox 917 705 973 723; x_wconf 88' lang='lat' dir='ltr'><strong>quam</strong></span> <span class='ocrx_word' id='word_1_95' title='bbox 990 698 1058 723; x_wconf 84' lang='lat' dir='ltr'><strong>globus</strong></span> <span class='ocrx_word' id='word_1_96' title='bbox 1075 704 1099 716; x_wconf 87' lang='lat' dir='ltr'><strong>ea</strong></span> <span class='ocrx_word' id='word_1_97' title='bbox 1116 705 1158 717; x_wconf 89' lang='lat' dir='ltr'><strong>cum</strong></span> 
     </span>
     <span class='ocr_line' id='line_1_12' title="bbox 426 726 1158 752; baseline 0.003 -8"><span class='ocrx_word' id='word_1_98' title='bbox 426 726 523 745; x_wconf 84' lang='lat' dir='ltr'><strong>velocitate</strong></span> <span class='ocrx_word' id='word_1_99' title='bbox 532 727 648 746; x_wconf 82' lang='lat' dir='ltr'><strong>descendens</strong></span> <span class='ocrx_word' id='word_1_100' title='bbox 657 728 730 752; x_wconf 84' lang='lat' dir='ltr'><strong>patitur,</strong></span> <span class='ocrx_word' id='word_1_101' title='bbox 740 727 817 752; x_wconf 80' lang='lat' dir='ltr'><strong>aequalis</strong></span> <span class='ocrx_word' id='word_1_102' title='bbox 826 728 860 746; x_wconf 88' lang='lat' dir='ltr'><strong>erit</strong></span> <span class='ocrx_word' id='word_1_103' title='bbox 869 728 909 752; x_wconf 82' lang='lat' dir='ltr'><strong>ejus</strong></span> <span class='ocrx_word' id='word_1_104' title='bbox 922 727 999 752; x_wconf 80' lang='lat' dir='ltr'><strong>ponderi</strong></span> <span class='ocrx_word' id='word_1_105' title='bbox 1015 727 1029 745; x_wconf 89' lang='lat' dir='ltr'>B</span> <span class='ocrx_word' id='word_1_106' title='bbox 1038 734 1042 746; x_wconf 81' lang='lat' dir='ltr'><em>z</em></span> <span class='ocrx_word' id='word_1_107' title='bbox 1052 728 1158 746; x_wconf 81' lang='lat' dir='ltr'><strong>resistentia</strong></span> 
     </span>
     <span class='ocr_line' id='line_1_13' title="bbox 425 756 1157 781; baseline 0.001 -7"><span class='ocrx_word' id='word_1_108' title='bbox 425 762 475 778; x_wconf 80' lang='lat' dir='ltr'><strong>vero,</strong></span> <span class='ocrx_word' id='word_1_109' title='bbox 484 762 540 780; x_wconf 84' lang='lat' dir='ltr'><strong>quam</strong></span> <span class='ocrx_word' id='word_1_110' title='bbox 549 757 619 780; x_wconf 78' lang='lat' dir='ltr'><strong>patitur</strong></span> <span class='ocrx_word' id='word_1_111' title='bbox 632 757 649 775; x_wconf 84' lang='lat' dir='ltr'><strong>in</strong></span> <span class='ocrx_word' id='word_1_112' title='bbox 659 757 695 775; x_wconf 87' lang='lat' dir='ltr'><strong>alia</strong></span> <span class='ocrx_word' id='word_1_113' title='bbox 703 763 814 781; x_wconf 86' lang='lat' dir='ltr'><strong>quacunque</strong></span> <span class='ocrx_word' id='word_1_114' title='bbox 823 756 926 778; x_wconf 83' lang='lat' dir='ltr'><strong>velocitate,</strong></span> <span class='ocrx_word' id='word_1_115' title='bbox 935 757 970 775; x_wconf 85' lang='lat' dir='ltr'><strong>erit</strong></span> <span class='ocrx_word' id='word_1_116' title='bbox 982 757 1006 775; x_wconf 81' lang='lat' dir='ltr'><strong>ad</strong></span> <span class='ocrx_word' id='word_1_117' title='bbox 1019 757 1094 780; x_wconf 87' lang='lat' dir='ltr'><strong>pondus</strong></span> <span class='ocrx_word' id='word_1_118' title='bbox 1111 757 1125 775; x_wconf 89' lang='lat' dir='ltr'>B</span> <span class='ocrx_word' id='word_1_119' title='bbox 1139 757 1157 775; x_wconf 89' lang='lat' dir='ltr'><strong>in</strong></span> 
     </span>
     <span class='ocr_line' id='line_1_14' title="bbox 426 785 1156 810; baseline 0 -7"><span class='ocrx_word' id='word_1_120' title='bbox 426 785 520 809; x_wconf 76' lang='lat' dir='ltr'><strong>duplicata</strong></span> <span class='ocrx_word' id='word_1_121' title='bbox 533 786 604 804; x_wconf 90' lang='lat' dir='ltr'><strong>ratione</strong></span> <span class='ocrx_word' id='word_1_122' title='bbox 614 786 717 805; x_wconf 79' lang='lat' dir='ltr'><strong>velocitatis</strong></span> <span class='ocrx_word' id='word_1_123' title='bbox 726 786 780 810; x_wconf 87' lang='lat' dir='ltr'><strong>hujus</strong></span> <span class='ocrx_word' id='word_1_124' title='bbox 789 786 813 804; x_wconf 92' lang='lat' dir='ltr'><strong>ad</strong></span> <span class='ocrx_word' id='word_1_125' title='bbox 823 785 941 804; x_wconf 85' lang='lat' dir='ltr'><strong>velocitatem</strong></span> <span class='ocrx_word' id='word_1_126' title='bbox 955 786 1004 804; x_wconf 85' lang='lat' dir='ltr'><strong>illam</strong></span> <span class='ocrx_word' id='word_1_127' title='bbox 1018 786 1120 804; x_wconf 80' lang='lat' dir='ltr'><strong>maximam</strong></span> <span class='ocrx_word' id='word_1_128' title='bbox 1131 786 1156 807; x_wconf 87' lang='grc' dir='ltr'><strong>Η,</strong></span> 
     </span>
     <span class='ocr_line' id='line_1_15' title="bbox 425 814 695 840; baseline 0.007 -8"><span class='ocrx_word' id='word_1_129' title='bbox 425 814 459 838; x_wconf 84' lang='lat' dir='ltr'><strong>pe&#39;r</strong></span> <span class='ocrx_word' id='word_1_130' title='bbox 467 814 521 833; x_wconf 70' lang='grc' dir='ltr'><strong>σοι-οἱ,</strong></span> <span class='ocrx_word' id='word_1_131' title='bbox 535 821 541 833; x_wconf 92' lang='lat'>1</span> <span class='ocrx_word' id='word_1_132' title='bbox 553 822 605 840; x_wconf 85' lang='lat' dir='ltr'><strong>prop.</strong></span> <span class='ocrx_word' id='word_1_133' title='bbox 617 821 695 834; x_wconf 79' lang='lat' dir='ltr'><strong>xxxvm.</strong></span> 
     </span>
    </p>

    <p class='ocr_par' dir='ltr' id='par_1_5' title="bbox 425 844 1157 927">
     <span class='ocr_line' id='line_1_16' title="bbox 460 844 1157 869; baseline -0.001 -6"><span class='ocrx_word' id='word_1_134' title='bbox 460 844 508 862; x_wconf 74' lang='lat' dir='ltr'><strong>Haee</strong></span> <span class='ocrx_word' id='word_1_135' title='bbox 517 849 546 862; x_wconf 81' lang='lat' dir='ltr'><strong>est</strong></span> <span class='ocrx_word' id='word_1_136' title='bbox 556 845 659 863; x_wconf 79' lang='lat' dir='ltr'><strong>resistentia</strong></span> <span class='ocrx_word' id='word_1_137' title='bbox 668 851 711 869; x_wconf 73' lang='lat' dir='ltr'><strong>quae</strong></span> <span class='ocrx_word' id='word_1_138' title='bbox 720 845 777 863; x_wconf 87' lang='lat' dir='ltr'><strong>oritur</strong></span> <span class='ocrx_word' id='word_1_139' title='bbox 786 845 810 863; x_wconf 89' lang='lat' dir='ltr'><strong>ab</strong></span> <span class='ocrx_word' id='word_1_140' title='bbox 820 844 884 863; x_wconf 86' lang='lat' dir='ltr'><strong>inertia</strong></span> <span class='ocrx_word' id='word_1_141' title='bbox 894 844 975 863; x_wconf 63' lang='lat' dir='ltr'><strong>materiae</strong></span> <span class='ocrx_word' id='word_1_142' title='bbox 988 844 1043 862; x_wconf 84' lang='lat' dir='ltr'><strong>fluidi.</strong></span> <span class='ocrx_word' id='word_1_143' title='bbox 1073 844 1103 862; x_wconf 90' lang='lat' dir='ltr'><strong>Ea</strong></span> <span class='ocrx_word' id='word_1_144' title='bbox 1112 851 1157 863; x_wconf 77' lang='lat' dir='ltr'><strong>vero</strong></span> 
     </span>
     <span class='ocr_line' id='line_1_17' title="bbox 425 873 1156 898; baseline 0 -6"><span class='ocrx_word' id='word_1_145' title='bbox 425 879 467 897; x_wconf 77' lang='lat' dir='ltr'><strong>quae</strong></span> <span class='ocrx_word' id='word_1_146' title='bbox 482 873 540 891; x_wconf 90' lang='lat' dir='ltr'><strong>oritur</strong></span> <span class='ocrx_word' id='word_1_147' title='bbox 554 874 578 892; x_wconf 85' lang='lat' dir='ltr'><strong>ab</strong></span> <span class='ocrx_word' id='word_1_148' title='bbox 593 874 707 895; x_wconf 80' lang='lat' dir='ltr'><strong>elasticitate,</strong></span> <span class='ocrx_word' id='word_1_149' title='bbox 722 874 825 895; x_wconf 79' lang='lat' dir='ltr'><strong>tenacitate,</strong></span> <span class='ocrx_word' id='word_1_150' title='bbox 840 874 858 892; x_wconf 85' lang='lat'>&amp;</span> <span class='ocrx_word' id='word_1_151' title='bbox 874 874 957 892; x_wconf 83' lang='lat' dir='ltr'><strong>frictione</strong></span> <span class='ocrx_word' id='word_1_152' title='bbox 973 873 1053 897; x_wconf 88' lang='lat' dir='ltr'><strong>partium</strong></span> <span class='ocrx_word' id='word_1_153' title='bbox 1069 874 1115 898; x_wconf 85' lang='lat' dir='ltr'><strong>ejus,</strong></span> <span class='ocrx_word' id='word_1_154' title='bbox 1131 874 1156 892; x_wconf 86' lang='lat' dir='ltr'><strong>sic</strong></span> 
     </span>
     <span class='ocr_line' id='line_1_18' title="bbox 426 902 572 927; baseline 0.007 -7"><span class='ocrx_word' id='word_1_155' title='bbox 426 902 572 927; x_wconf 72' lang='lat' dir='ltr'><strong>investigabitur.</strong></span> 
     </span>
    </p>

    <p class='ocr_par' dir='ltr' id='par_1_6' title="bbox 424 931 1156 1014">
     <span class='ocr_line' id='line_1_19' title="bbox 460 931 1156 957; baseline 0.001 -8"><span class='ocrx_word' id='word_1_156' title='bbox 460 931 576 950; x_wconf 83' lang='lat' dir='ltr'><strong>Demittatur</strong></span> <span class='ocrx_word' id='word_1_157' title='bbox 587 932 654 957; x_wconf 77' lang='lat' dir='ltr'><strong>globus</strong></span> <span class='ocrx_word' id='word_1_158' title='bbox 664 937 684 951; x_wconf 90' lang='lat' dir='ltr'><strong>ut</strong></span> <span class='ocrx_word' id='word_1_159' title='bbox 697 932 780 956; x_wconf 86' lang='lat' dir='ltr'><strong>pondere</strong></span> <span class='ocrx_word' id='word_1_160' title='bbox 793 939 828 951; x_wconf 84' lang='lat' dir='ltr'><strong>suo</strong></span> <span class='ocrx_word' id='word_1_161' title='bbox 842 932 857 950; x_wconf 89' lang='lat' dir='ltr'>B</span> <span class='ocrx_word' id='word_1_162' title='bbox 871 932 888 950; x_wconf 94' lang='lat' dir='ltr'><strong>in</strong></span> <span class='ocrx_word' id='word_1_163' title='bbox 903 931 960 950; x_wconf 89' lang='lat' dir='ltr'><strong>fluido</strong></span> <span class='ocrx_word' id='word_1_164' title='bbox 973 931 1087 953; x_wconf 60' lang='lat' dir='ltr'><strong>descendat,</strong></span> <span class='ocrx_word' id='word_1_165' title='bbox 1102 932 1120 950; x_wconf 75' lang='grc' dir='ltr'><strong>δι</strong></span> <span class='ocrx_word' id='word_1_166' title='bbox 1133 932 1156 950; x_wconf 91' lang='lat' dir='ltr'><strong>sit</strong></span> 
     </span>
     <span class='ocr_line' id='line_1_20' title="bbox 427 960 1156 986; baseline 0.001 -8"><span class='ocrx_word' id='word_1_167' title='bbox 427 960 441 978; x_wconf 81' lang='lat' dir='ltr'>P</span> <span class='ocrx_word' id='word_1_168' title='bbox 451 964 524 985; x_wconf 89' lang='lat' dir='ltr'><strong>tempus</strong></span> <span class='ocrx_word' id='word_1_169' title='bbox 537 962 621 983; x_wconf 84' lang='lat' dir='ltr'><strong>cadendi,</strong></span> <span class='ocrx_word' id='word_1_170' title='bbox 631 962 687 986; x_wconf 87' lang='lat' dir='ltr'><strong>idque</strong></span> <span class='ocrx_word' id='word_1_171' title='bbox 701 962 719 980; x_wconf 90' lang='lat' dir='ltr'><strong>in</strong></span> <span class='ocrx_word' id='word_1_172' title='bbox 733 962 808 984; x_wconf 82' lang='lat' dir='ltr'><strong>minutis</strong></span> <span class='ocrx_word' id='word_1_173' title='bbox 817 961 903 980; x_wconf 89' lang='lat' dir='ltr'><strong>secundis</strong></span> <span class='ocrx_word' id='word_1_174' title='bbox 912 961 928 979; x_wconf 89' lang='lat' dir='ltr'><strong>si</strong></span> <span class='ocrx_word' id='word_1_175' title='bbox 938 964 1011 984; x_wconf 83' lang='lat' dir='ltr'><strong>tempus</strong></span> <span class='ocrx_word' id='word_1_176' title='bbox 1021 960 1038 978; x_wconf 91' lang='lat' dir='ltr'>G</span> <span class='ocrx_word' id='word_1_177' title='bbox 1053 961 1072 979; x_wconf 90' lang='lat' dir='ltr'><strong>in</strong></span> <span class='ocrx_word' id='word_1_178' title='bbox 1082 961 1156 979; x_wconf 77' lang='lat' dir='ltr'><strong>minutis</strong></span> 
     </span>
     <span class='ocr_line' id='line_1_21' title="bbox 424 989 1154 1014; baseline 0.001 -6"><span class='ocrx_word' id='word_1_179' title='bbox 424 990 510 1008; x_wconf 84' lang='lat' dir='ltr'><strong>secundis</strong></span> <span class='ocrx_word' id='word_1_180' title='bbox 532 990 626 1009; x_wconf 80' lang='lat' dir='ltr'><strong>habeatur.</strong></span> <span class='ocrx_word' id='word_1_181' title='bbox 664 991 772 1009; x_wconf 86' lang='lat' dir='ltr'><strong>Inveniatur</strong></span> <span class='ocrx_word' id='word_1_182' title='bbox 794 996 881 1009; x_wconf 82' lang='lat' dir='ltr'><strong>numerus</strong></span> <span class='ocrx_word' id='word_1_183' title='bbox 900 989 996 1008; x_wconf 81' lang='lat' dir='ltr'><strong>absolutus</strong></span> <span class='ocrx_word' id='word_1_184' title='bbox 1020 989 1037 1007; x_wconf 87' lang='lat' dir='ltr'>N</span> <span class='ocrx_word' id='word_1_185' title='bbox 1060 990 1092 1014; x_wconf 94' lang='lat' dir='ltr'><strong>qui</strong></span> <span class='ocrx_word' id='word_1_186' title='bbox 1113 996 1154 1009; x_wconf 82' lang='lat' dir='ltr'><strong>con-</strong></span> 
     </span>
    </p>
   </div>
   <div class='ocr_carea' id='block_1_5' title="bbox 424 1020 1154 1069">
    <p class='ocr_par' dir='ltr' id='par_1_7' title="bbox 424 1020 1154 1069">
     <span class='ocr_line' id='line_1_22' title="bbox 424 1020 1154 1069; baseline 0.001 -16"><span class='ocrx_word' id='word_1_187' title='bbox 424 1035 594 1060; x_wconf 73' lang='lat' dir='ltr'><strong>gruitlogarithmo</strong></span> <span class='ocrx_word' id='word_1_188' title='bbox 607 1038 751 1060; x_wconf 79' lang='lat'>0‚4342944819</span> <span class='ocrx_word' id='word_1_189' title='bbox 765 1020 810 1069; x_wconf 73' lang='lat' dir='ltr'>²G—P.</span> <span class='ocrx_word' id='word_1_190' title='bbox 829 1036 890 1059; x_wconf 86' lang='lat' dir='ltr'><strong>sitque</strong></span> <span class='ocrx_word' id='word_1_191' title='bbox 910 1036 926 1054; x_wconf 92' lang='lat' dir='ltr'>L</span> <span class='ocrx_word' id='word_1_192' title='bbox 943 1035 1066 1060; x_wconf 76' lang='lat' dir='ltr'><strong>logarithmus</strong></span> <span class='ocrx_word' id='word_1_193' title='bbox 1085 1035 1154 1054; x_wconf 88' lang='lat' dir='ltr'><strong>numeri</strong></span> 
     </span>
    </p>
   </div>
   <div class='ocr_carea' id='block_1_6' title="bbox 425 1077 1153 1128">
    <p class='ocr_par' dir='ltr' id='par_1_8' title="bbox 425 1077 1153 1128">
     <span class='ocr_line' id='line_1_23' title="bbox 425 1077 1153 1128; baseline -0.003 -15"><span class='ocrx_word' id='word_1_194' title='bbox 425 1077 499 1112; x_wconf 47' lang='lat' dir='ltr'><strong>§Ex</strong></span> <span class='ocrx_word' id='word_1_195' title='bbox 513 1094 531 1112; x_wconf 69' lang='grc' dir='ltr'><strong>ἃ.</strong></span> <span class='ocrx_word' id='word_1_196' title='bbox 544 1094 633 1113; x_wconf 86' lang='lat' dir='ltr'><strong>velocitas</strong></span> <span class='ocrx_word' id='word_1_197' title='bbox 646 1095 731 1113; x_wconf 85' lang='lat' dir='ltr'><strong>cadendo</strong></span> <span class='ocrx_word' id='word_1_198' title='bbox 744 1095 834 1120; x_wconf 81' lang='lat' dir='ltr'><strong>acquisita</strong></span> <span class='ocrx_word' id='word_1_199' title='bbox 847 1095 882 1113; x_wconf 88' lang='lat' dir='ltr'><strong>erit</strong></span> <span class='ocrx_word' id='word_1_200' title='bbox 899 1077 986 1128; x_wconf 51' lang='lat' dir='ltr'><strong>g‡:H,</strong></span> <span class='ocrx_word' id='word_1_201' title='bbox 1000 1093 1081 1113; x_wconf 83' lang='lat' dir='ltr'><strong>altitudo</strong></span> <span class='ocrx_word' id='word_1_202' title='bbox 1094 1097 1153 1113; x_wconf 83' lang='lat' dir='ltr'><strong>autem</strong></span> 
     </span>
    </p>
   </div>
   <div class='ocr_carea' id='block_1_7' title="bbox 424 1107 1152 1183">
    <p class='ocr_par' dir='ltr' id='par_1_9' title="bbox 424 1107 1152 1183">
     <span class='ocr_line' id='line_1_24' title="bbox 447 1107 464 1125; baseline 0 0"><span class='ocrx_word' id='word_1_203' title='bbox 447 1107 464 1125; x_wconf 94' lang='lat' dir='ltr'>N</span> 
     </span>
     <span class='ocr_line' id='line_1_25' title="bbox 424 1134 1152 1183; baseline -0.005 -13"><span class='ocrx_word' id='word_1_204' title='bbox 424 1151 516 1175; x_wconf 83' lang='lat' dir='ltr'><strong>descripta</strong></span> <span class='ocrx_word' id='word_1_205' title='bbox 527 1152 562 1170; x_wconf 90' lang='lat' dir='ltr'><strong>erit</strong></span> <span class='ocrx_word' id='word_1_206' title='bbox 568 1140 578 1161; x_wconf 62' lang='grc' dir='ltr'><em>Ξ</em></span> <span class='ocrx_word' id='word_1_207' title='bbox 583 1134 616 1183; x_wconf 60' lang='grc' dir='ltr'><strong>ἓξ</strong></span> <span class='ocrx_word' id='word_1_208' title='bbox 624 1161 648 1163; x_wconf 91' lang='grc'>-</span> <span class='ocrx_word' id='word_1_209' title='bbox 653 1156 658 1168; x_wconf 82' lang='grc'>1</span> <span class='ocrx_word' id='word_1_210' title='bbox 663 1150 790 1173; x_wconf 77' lang='lat'><strong>,3862943611</strong></span> <span class='ocrx_word' id='word_1_211' title='bbox 801 1149 816 1167; x_wconf 89' lang='lat' dir='ltr'>F</span> <span class='ocrx_word' id='word_1_212' title='bbox 822 1153 837 1168; x_wconf 68' lang='grc'><strong>4-</strong></span> <span class='ocrx_word' id='word_1_213' title='bbox 843 1149 973 1172; x_wconf 83' lang='lat'><strong>4,605170186</strong></span> <span class='ocrx_word' id='word_1_214' title='bbox 981 1148 996 1166; x_wconf 89' lang='lat' dir='ltr'>L</span> <span class='ocrx_word' id='word_1_215' title='bbox 1002 1148 1022 1166; x_wconf 87' lang='lat' dir='ltr'><strong>F.</strong></span> <span class='ocrx_word' id='word_1_216' title='bbox 1050 1148 1071 1167; x_wconf 88' lang='lat' dir='ltr'><strong>Si</strong></span> <span class='ocrx_word' id='word_1_217' title='bbox 1079 1148 1152 1166; x_wconf 87' lang='lat' dir='ltr'><strong>fluidum</strong></span> 
     </span>
    </p>
   </div>
   <div class='ocr_carea' id='block_1_8' title="bbox 897 1102 958 1105">
    <p class='ocr_par' dir='ltr' id='par_1_10' title="bbox 897 1102 958 1105">
     <span class='ocr_line' id='line_1_26' title="bbox 897 1102 958 1105; baseline 0 0"><span class='ocrx_word' id='word_1_218' title='bbox 897 1102 958 1105; x_wconf 95' lang='lat' dir='ltr'><strong> </strong></span> 
     </span>
    </p>
   </div>
   <div class='ocr_carea' id='block_1_9' title="bbox 423 1191 1151 1242">
    <p class='ocr_par' dir='ltr' id='par_1_11' title="bbox 423 1191 1151 1242">
     <span class='ocr_line' id='line_1_27' title="bbox 423 1191 1151 1218; baseline -0.003 -6"><span class='ocrx_word' id='word_1_219' title='bbox 423 1193 467 1211; x_wconf 85' lang='lat' dir='ltr'><strong>satis</strong></span> <span class='ocrx_word' id='word_1_220' title='bbox 494 1193 606 1217; x_wconf 78' lang='lat' dir='ltr'><strong>profundum</strong></span> <span class='ocrx_word' id='word_1_221' title='bbox 633 1194 661 1215; x_wconf 83' lang='lat' dir='ltr'><strong>sit,</strong></span> <span class='ocrx_word' id='word_1_222' title='bbox 682 1193 751 1218; x_wconf 83' lang='lat' dir='ltr'><strong>negligi</strong></span> <span class='ocrx_word' id='word_1_223' title='bbox 778 1197 840 1217; x_wconf 81' lang='lat' dir='ltr'><strong>potest</strong></span> <span class='ocrx_word' id='word_1_224' title='bbox 861 1193 950 1211; x_wconf 87' lang='lat' dir='ltr'><strong>terminus</strong></span> <span class='ocrx_word' id='word_1_225' title='bbox 971 1191 1151 1216; x_wconf 77' lang='lat' dir='ltr'>4‚605170186LF:</span> 
     </span>
     <span class='ocr_line' id='line_1_28' title="bbox 492 1225 537 1242; baseline 0 0"><span class='ocrx_word' id='word_1_226' title='bbox 492 1225 537 1242; x_wconf 79' lang='lat' dir='ltr'><strong>2PF</strong></span> 
     </span>
    </p>
   </div>
   <div class='ocr_carea' id='block_1_10' title="bbox 424 1232 1150 1274">
    <p class='ocr_par' dir='ltr' id='par_1_12' title="bbox 424 1232 1150 1274">
     <span class='ocr_line' id='line_1_29' title="bbox 424 1232 1150 1274; baseline -0.007 -14"><span class='ocrx_word' id='word_1_227' title='bbox 424 1241 442 1259; x_wconf 70' lang='grc' dir='ltr'><strong>δι</strong></span> <span class='ocrx_word' id='word_1_228' title='bbox 450 1242 485 1260; x_wconf 87' lang='lat' dir='ltr'><strong>erit</strong></span> <span class='ocrx_word' id='word_1_229' title='bbox 494 1232 711 1274; x_wconf 58' lang='lat' dir='ltr'>—G-—1,3862})43611</span> <span class='ocrx_word' id='word_1_230' title='bbox 721 1239 737 1257; x_wconf 90' lang='lat' dir='ltr'>F</span> <span class='ocrx_word' id='word_1_231' title='bbox 751 1238 829 1257; x_wconf 82' lang='lat' dir='ltr'><strong>altitudo</strong></span> <span class='ocrx_word' id='word_1_232' title='bbox 842 1238 934 1262; x_wconf 68' lang='lat' dir='ltr'><strong>descripta</strong></span> <span class='ocrx_word' id='word_1_233' title='bbox 944 1238 1092 1262; x_wconf 81' lang='lat' dir='ltr'><strong>quamproxime.</strong></span> <span class='ocrx_word' id='word_1_234' title='bbox 1120 1237 1150 1255; x_wconf 81' lang='lat' dir='ltr'><strong>Pa-</strong></span> 
     </span>
    </p>
   </div>
   <div class='ocr_carea' id='block_1_11' title="bbox 422 1281 1149 1419">
    <p class='ocr_par' dir='ltr' id='par_1_13' title="bbox 422 1281 1149 1419">
     <span class='ocr_line' id='line_1_30' title="bbox 424 1281 1149 1309; baseline -0.001 -9"><span class='ocrx_word' id='word_1_235' title='bbox 424 1286 464 1301; x_wconf 82' lang='lat' dir='ltr'><strong>tent</strong></span> <span class='ocrx_word' id='word_1_236' title='bbox 479 1284 519 1303; x_wconf 76' lang='lat' dir='ltr'><strong>haec</strong></span> <span class='ocrx_word' id='word_1_237' title='bbox 535 1291 569 1309; x_wconf 92' lang='lat' dir='ltr'><strong>per</strong></span> <span class='ocrx_word' id='word_1_238' title='bbox 583 1283 624 1302; x_wconf 84' lang='lat' dir='ltr'><strong>libri</strong></span> <span class='ocrx_word' id='word_1_239' title='bbox 638 1283 714 1302; x_wconf 83' lang='lat' dir='ltr'><strong>secundi</strong></span> <span class='ocrx_word' id='word_1_240' title='bbox 728 1283 874 1307; x_wconf 86' lang='lat' dir='ltr'><strong>propositionem</strong></span> <span class='ocrx_word' id='word_1_241' title='bbox 887 1289 955 1301; x_wconf 89' lang='lat' dir='ltr'><strong>nonam</strong></span> <span class='ocrx_word' id='word_1_242' title='bbox 969 1282 987 1300; x_wconf 68' lang='grc' dir='ltr'>ἃ</span> <span class='ocrx_word' id='word_1_243' title='bbox 1001 1282 1041 1306; x_wconf 88' lang='lat' dir='ltr'><strong>ejus</strong></span> <span class='ocrx_word' id='word_1_244' title='bbox 1055 1281 1149 1300; x_wconf 78' lang='lat' dir='ltr'><strong>corollaria.</strong></span> 
     </span>
     <span class='ocr_line' id='line_1_31' title="bbox 423 1311 1148 1337; baseline -0.001 -8"><span class='ocrx_word' id='word_1_245' title='bbox 423 1318 446 1330; x_wconf 87' lang='lat' dir='ltr'><strong>ex</strong></span> <span class='ocrx_word' id='word_1_246' title='bbox 456 1312 555 1337; x_wconf 84' lang='lat' dir='ltr'><strong>hypothesi</strong></span> <span class='ocrx_word' id='word_1_247' title='bbox 564 1313 614 1337; x_wconf 89' lang='lat' dir='ltr'><strong>quod</strong></span> <span class='ocrx_word' id='word_1_248' title='bbox 623 1312 690 1337; x_wconf 85' lang='lat' dir='ltr'><strong>globus</strong></span> <span class='ocrx_word' id='word_1_249' title='bbox 700 1312 768 1330; x_wconf 88' lang='lat' dir='ltr'><strong>nullarn</strong></span> <span class='ocrx_word' id='word_1_250' title='bbox 777 1311 832 1330; x_wconf 83' lang='lat' dir='ltr'><strong>aliam</strong></span> <span class='ocrx_word' id='word_1_251' title='bbox 845 1312 926 1336; x_wconf 84' lang='lat' dir='ltr'><strong>patiatur</strong></span> <span class='ocrx_word' id='word_1_252' title='bbox 934 1311 1059 1329; x_wconf 83' lang='lat' dir='ltr'><strong>resistentiam</strong></span> <span class='ocrx_word' id='word_1_253' title='bbox 1069 1311 1102 1329; x_wconf 86' lang='lat' dir='ltr'><strong>nisi</strong></span> <span class='ocrx_word' id='word_1_254' title='bbox 1111 1316 1148 1334; x_wconf 70' lang='lat' dir='ltr'><strong>quae</strong></span> 
     </span>
     <span class='ocr_line' id='line_1_32' title="bbox 422 1340 1146 1365; baseline -0.003 -6"><span class='ocrx_word' id='word_1_255' title='bbox 422 1341 480 1360; x_wconf 85' lang='lat' dir='ltr'><strong>oritur</strong></span> <span class='ocrx_word' id='word_1_256' title='bbox 489 1343 512 1361; x_wconf 93' lang='lat' dir='ltr'><strong>ab</strong></span> <span class='ocrx_word' id='word_1_257' title='bbox 520 1343 585 1361; x_wconf 86' lang='lat' dir='ltr'><strong>inertia</strong></span> <span class='ocrx_word' id='word_1_258' title='bbox 594 1342 680 1361; x_wconf 75' lang='lat' dir='ltr'><strong>materioe.</strong></span> <span class='ocrx_word' id='word_1_259' title='bbox 708 1342 729 1360; x_wconf 84' lang='lat' dir='ltr'><strong>Si</strong></span> <span class='ocrx_word' id='word_1_260' title='bbox 738 1348 783 1360; x_wconf 88' lang='lat' dir='ltr'><strong>vero</strong></span> <span class='ocrx_word' id='word_1_261' title='bbox 790 1341 844 1359; x_wconf 88' lang='lat' dir='ltr'><strong>aliam</strong></span> <span class='ocrx_word' id='word_1_262' title='bbox 854 1341 929 1365; x_wconf 88' lang='lat' dir='ltr'><strong>insuper</strong></span> <span class='ocrx_word' id='word_1_263' title='bbox 935 1341 1059 1359; x_wconf 85' lang='lat' dir='ltr'><strong>resistentiam</strong></span> <span class='ocrx_word' id='word_1_264' title='bbox 1069 1340 1146 1364; x_wconf 75' lang='lat' dir='ltr'><strong>patiatur.</strong></span> 
     </span>
     <span class='ocr_line' id='line_1_33' title="bbox 422 1368 1145 1394; baseline -0.001 -7"><span class='ocrx_word' id='word_1_265' title='bbox 422 1370 523 1389; x_wconf 83' lang='lat' dir='ltr'><strong>descensus</strong></span> <span class='ocrx_word' id='word_1_266' title='bbox 536 1372 570 1390; x_wconf 84' lang='lat' dir='ltr'><strong>erit</strong></span> <span class='ocrx_word' id='word_1_267' title='bbox 584 1372 657 1392; x_wconf 76' lang='lat' dir='ltr'><strong>tardior,</strong></span> <span class='ocrx_word' id='word_1_268' title='bbox 671 1371 689 1389; x_wconf 84' lang='lat'>&amp;</span> <span class='ocrx_word' id='word_1_269' title='bbox 703 1378 726 1389; x_wconf 82' lang='lat' dir='ltr'><strong>ex</strong></span> <span class='ocrx_word' id='word_1_270' title='bbox 739 1370 863 1389; x_wconf 81' lang='lat' dir='ltr'><strong>retardatione</strong></span> <span class='ocrx_word' id='word_1_271' title='bbox 876 1370 979 1389; x_wconf 79' lang='lat' dir='ltr'><strong>innotescet</strong></span> <span class='ocrx_word' id='word_1_272' title='bbox 992 1370 1086 1394; x_wconf 81' lang='lat' dir='ltr'><strong>quantitas</strong></span> <span class='ocrx_word' id='word_1_273' title='bbox 1098 1368 1145 1392; x_wconf 79' lang='lat' dir='ltr'><strong>hujus</strong></span> 
     </span>
     <span class='ocr_line' id='line_1_34' title="bbox 422 1404 535 1419; baseline 0.018 -2"><span class='ocrx_word' id='word_1_274' title='bbox 422 1404 535 1419; x_wconf 80' lang='lat' dir='ltr'><strong>res1stcnt1ae.</strong></span> 
     </span>
    </p>
   </div>
  </div>
 </body>
</html>
