4110 5782
286 444 359 514 470
750 414 815 470 DE
836 412 1000 471 ultum!
1018 411 1043 470 S
1051 409 1226 469 I'STEMA
1233 409 1289 466 TE

290 637 346 690 tas
368 615 554 686 minuatur
570 608 774 682 auferendo
800 608 877 680 vim
908 606 1161 705 centrifugam,
1181 630 1265 700 quae
1291 604 1406 678 oritur
1433 631 1455 677 a
1483 619 1590 678 motu
1628 605 1783 682 diurno

293 752 400 807 terrae
430 731 466 802 in
495 726 555 801 iIIa
580 725 784 809 latitudine,
812 726 942 822 gravia
972 725 1021 798 ibi
1050 723 1219 796 cadendo
1248 723 1458 796 describent
1484 737 1668 818 ternpore
1701 728 1780 800 mi-

294 851 371 924 nuti
402 848 510 919 unius
539 843 691 916 secundi
723 843 839 936 pedes
874 865 914 934 15
944 842 1017 939 dig.
1055 866 1067 913 1
1104 841 1140 913 a
1166 839 1225 912 lin.
1262 840 1309 919 1I.
1377 841 1429 913 Et
1458 840 1526 912 hac
1555 839 1780 919 velocitate

292 967 424 1064 gravia
450 965 583 1036 cadere
603 963 638 1034 in
665 961 860 1035 latitudine
886 963 1047 1034 erlrlr're
1071 986 1182 1056 supra
1208 976 1399 1034 ostensum
1425 976 1482 1034 est
1506 963 1556 1035 ad
1582 990 1699 1061 prop.
1734 990 1779 1039 1v

296 1086 332 1159 a
362 1108 439 1157 xix.

366 1201 483 1274 Corol.
506 1202 538 1271 8.
572 1199 759 1271 Distantia
788 1198 984 1271 mediocris
1015 1213 1224 1271 centrorum
1253 1212 1360 1272 terrae
1389 1197 1425 1270 a
1452 1195 1549 1270 lunae
1580 1198 1617 1270 in
1650 1226 1771 1298 syzy-

294 1320 365 1417 giis
384 1317 482 1389 Iunre
506 1332 563 1388 est
590 1316 785 1412 sexaginta
811 1315 1170 1389 semidiametrorum
1196 1316 1438 1388 maximarum
1465 1331 1582 1401 terrae,
1602 1315 1774 1414 dempta

296 1436 481 1509 tricesima
510 1449 614 1528 parte
646 1433 908 1505 semidiametri
938 1433 1088 1506 circiter.
1146 1432 1199 1505 Et
1225 1432 1261 1504 in
1293 1433 1524 1529 quadraturis
1552 1430 1657 1507 Iunae
1688 1437 1771 1509 dis-

299 1555 416 1626 tantia
455 1551 650 1625 mediocris
689 1552 893 1625 eorundem
931 1569 1140 1625 centrorum
1179 1566 1237 1623 est
1284 1550 1353 1628 60}
1398 1551 1771 1629 semidiametrorum

299 1688 413 1744 terrae.
471 1669 571 1740 Nam
591 1668 648 1740 Irae
667 1668 752 1741 duae
771 1668 956 1741 distantiae
985 1669 1143 1740 suntad
1177 1669 1389 1741 distantiam
1416 1669 1641 1743 mediocrem
1662 1670 1771 1748 Iunae

300 1787 337 1858 in
357 1785 566 1858 octantibus
587 1801 627 1856 ut
646 1790 693 1875 69
713 1784 749 1856 ἃ
772 1806 816 1877 70
834 1785 881 1856 ad
902 1783 970 1875 69}
988 1811 1055 1879 per
1072 1811 1173 1879 prop.
1196 1808 1326 1857 xxvm.

354 1906 470 1978 Corol.
492 1929 522 1996 9.
555 1904 743 1976 Distantia
770 1903 965 1976 mediocris
992 1919 1202 1976 centrorum
1229 1917 1336 1975 terrae
1355 1902 1391 1975 ἃ
1408 1900 1505 1975 lunae
1533 1903 1569 1975 in
1596 1908 1771 2004 syzygiis

301 2023 398 2097 Iunze
419 2038 477 2096 est
504 2023 699 2119 sexaginta
727 2021 1086 2094 semidiametrorum
1113 2021 1352 2094 mediocrium
1376 2036 1483 2094 terrae
1511 2048 1595 2095 cum
1614 2024 1772 2100 decima

301 2159 406 2239 parte
442 2139 717 2214 semidiametri.
792 2138 843 2210 Et
879 2140 915 2210 in
952 2140 1185 2234 quadraturis
1220 2139 1317 2212 Iunae
1352 2140 1528 2212 distantia
1552 2137 1772 2217 'mediocris

301 2260 504 2334 eorundem
523 2276 733 2331 centrorum
752 2272 810 2328 est
827 2256 1021 2354 sexaginta
1049 2256 1085 2329 ἃ
1112 2257 1219 2329 unius
1241 2257 1599 2331 semidiametrorum
1618 2262 1772 2337 medio-

301 2380 417 2452 crium
437 2393 554 2464 tcrrce,
575 2375 728 2469 dempta
746 2375 930 2446 tricesima
947 2392 1053 2470 parte
1071 2374 1345 2449 semidiametri.

357 2495 475 2567 Corol.
503 2517 554 2567 10.
588 2493 632 2564 In
662 2493 824 2589 syzygiis
853 2491 950 2565 lunae
978 2491 1174 2588 paraIIaxis
1205 2494 1285 2591 ejus
1312 2492 1546 2567 horizontalis
1565 2495 1774 2572 mediocris

305 2616 340 2686 in
378 2611 633 2684 latitudinibus
668 2610 850 2706 graduum
885 2633 920 2697 o,
960 2634 1016 2702 30,
1054 2614 1110 2703 38,
1141 2633 1199 2704 45,
1232 2633 1288 2704 52,
1317 2618 1374 2697 60,
1403 2637 1461 2703 90,
1489 2628 1545 2684 est
1582 2612 1643 2705 57'
1682 2615 1774 2705 20'',

308 2730 366 2823 57!
391 2729 468 2812 16¹¹,
491 2725 550 2819 57!
574 2724 652 2817 1411,
675 2727 734 2818 57!
760 2726 834 2812 12'',
857 2727 915 2819 57!
938 2728 1015 2812 10⁰,
1038 2727 1171 2820 5718n,
1194 2729 1253 2822 571
1270 2727 1320 2820 411
1338 2731 1552 2826 respective·

375 2844 419 2915 In
446 2843 501 2915 his
527 2842 863 2937 computationibus
885 2845 1141 2917 attractionem
1168 2847 1414 2943 magneticam
1440 2863 1546 2920 terrae
1578 2872 1652 2920 non
1679 2876 1774 2924 con-

304 2960 476 3044 sideravi,
493 2960 596 3055 cujus
614 2960 742 3054 utique
761 2959 946 3053 quantitas
965 2986 1149 3056 perparva
1166 2979 1224 3034 est
1242 2963 1277 3035 ἃ
1297 2964 1494 3060 ignoratur.
1566 2963 1771 3060 Siquando

306 3104 396 3151 vero
415 3076 494 3147 haec
512 3075 681 3147 attractio
708 3075 921 3172 investigari
941 3079 1085 3170 poterit,
1104 3078 1140 3150 a
1159 3105 1340 3152 mensurae
1358 3081 1540 3176 graduum
1562 3081 1597 3152 in
1616 3084 1772 3156 meridi-

307 3221 387 3279 ano,
407 3218 449 3265 ac
475 3190 728 3287 longitudines
755 3189 999 3285 pendulorum
1019 3193 1294 3268 isochronorum
1323 3198 1359 3268 in
1386 3197 1542 3269 diversis
1569 3197 1770 3292 parallelis,

309 3313 488 3410 legesque
514 3325 681 3381 motuum
709 3308 828 3392 maris
849 3307 884 3379 dt
910 3307 1106 3402 parallaxis
1133 3310 1230 3384 lunae
1257 3338 1340 3385 cum
1367 3314 1556 3386 diametris
1582 3340 1770 3408 apparen-

309 3431 406 3504 tibus
435 3428 522 3501 solis
552 3426 588 3498 ἃ
616 3424 713 3497 lunae
741 3452 789 3498 ex
816 3425 1070 3520 phaenomenis
1099 3431 1302 3501 accuratius
1331 3430 1586 3503 determinata:
1604 3431 1770 3508 fuerint:

309 3547 433 3621 licebit
451 3543 629 3619 calculum
648 3543 745 3615 hunc
763 3568 912 3617 omnem
930 3546 1133 3620 accuratius
1152 3562 1329 3642 repetere.

406 3837 781 3912 PROPOSITIO
816 3837 1089 3912 XXXVIII.
1177 3841 1506 3914 PROBLEMA
1547 3843 1678 3917 XIX.

711 4035 885 4108 Invenire
889 4035 1062 4133 figuram
1079 4040 1240 4134 corporis
1256 4041 1362 4114 luna.

381 4255 422 4328 Si
442 4278 575 4348 corpus
593 4251 720 4325 lunare
739 4253 892 4324 fluidum
911 4269 1009 4325 esset
1028 4252 1075 4324 ad
1104 4254 1219 4326 instar
1245 4256 1354 4328 maris
1374 4258 1498 4342 nostri,
1519 4257 1576 4330 vis
1595 4273 1702 4331 terrae
1722 4263 1773 4333 ad

312 4372 467 4443 fluidum
485 4369 574 4443 illud
595 4370 630 4442 in
648 4370 814 4466 partibus
834 4369 870 4442 81
888 4370 1020 4441 citimis
1048 4369 1083 4441 ἃ
1110 4369 1247 4443 ultimis
1266 4371 1489 4446 elevandum
1509 4391 1608 4447 esset
1625 4375 1672 4447 ad
1693 4378 1772 4450 vim

313 4487 422 4577 lunae,
443 4515 516 4583 qua
535 4515 636 4561 mare
663 4503 829 4560 nostrum
858 4487 893 4558 in
921 4486 1085 4581 partibus
1118 4487 1153 4559 dr
1181 4488 1251 4560 sub
1279 4488 1365 4561 luna
1397 4491 1433 4562 u
1461 4489 1559 4563 Iunae
1587 4493 1773 4586 oppositis

314 4604 500 4691 attollitur,
520 4624 561 4679 ut
585 4606 749 4702 gravitas
776 4602 1011 4678 acceleratrix
1038 4601 1135 4676 Iunae
1163 4604 1199 4675 in
1226 4620 1361 4677 terram
1388 4605 1435 4677 ad
1461 4609 1684 4702 gravitatem
1711 4635 1772 4682 ac-

316 4724 564 4798 celeratricem
592 4741 698 4798 terrae
726 4726 761 4797 in
789 4722 914 4797 lunam
941 4724 1182 4798 &diameter
1208 4723 1306 4798 lunae
1334 4726 1381 4798 ad
1412 4727 1633 4802 diametrum
1663 4746 1773 4806 terrae
