4110 5782
722 457 862 515 arnan
884 456 1137 516 SECUNDUS.
1585 463 1655 551 365

306 712 677 787 PROPOSITIO
723 712 861 786 XLV.
928 711 1284 785 THEOREMA
1332 710 1553 790 XXXVI.

335 893 534 967 Umbrum
551 894 714 966 velocitas
729 902 780 966 csl
796 894 837 964 in
853 892 1107 988 subdtqtlz'cata
1125 891 1267 964 rotrone
1282 892 1536 967 latitudinum.

270 1074 520 1169 Consequitur
537 1098 584 1145 ex
602 1072 874 1146 constructione
891 1071 1153 1168 propositionis
1171 1072 1369 1167 sequentis

380 1332 752 1406 PROPOSITIO
800 1331 965 1405 XLVI.
1040 1331 1375 1405 PROBLEMA
1423 1332 1477 1406 X.

619 1512 793 1585 Invenire
808 1512 1024 1583 velocitatem
1042 1512 1239 1586 undarum.

269 1691 524 1768 Constituatur
541 1690 743 1787 pendulum
762 1690 865 1787 cujus
883 1687 1087 1787 longitudo,
1104 1691 1199 1763 inter
1212 1707 1389 1786 punctum
1403 1695 1655 1791 suspensionis

200 1813 420 1885 &centrum
438 1809 686 1899 oscillationis,
706 1824 876 1904 aequetur
892 1806 1074 1881 latitudini
1094 1810 1276 1882 undarum
1296 1838 1303 1884 :
1331 1812 1367 1883 82
1394 1837 1469 1907 quo
1487 1828 1655 1910 tempore

199 1927 401 2024 pendulum
430 1926 518 1999 illud
546 1926 791 2000 oscillationes
819 1923 984 2023 singulas
1012 1927 1166 2023 peragit,
1195 1927 1328 2000 codem
1360 1930 1470 2002 undae
1504 1956 1655 2027 progre-

198 2044 336 2118 diendo
354 2042 585 2116 latitudinem
604 2068 709 2115 suam
728 2042 998 2138 propemodum
1016 2042 1220 2117 conficient.

270 2160 467 2233 Undarum
502 2158 734 2232 latitudinem
769 2184 864 2231 voco
908 2184 1119 2232 mensuram
1163 2175 1421 2248 transversam,
1466 2188 1551 2258 quae
1594 2162 1654 2237 vel

198 2275 356 2360 vallibus
375 2277 466 2361 imis,
485 2274 545 2349 vel
564 2276 718 2348 summis
732 2274 952 2348 culminibus
967 2276 1166 2373 interjacet.
1224 2278 1408 2374 Designet
1421 2279 1662 2351 ABCDEF

198 2392 430 2487 superficiem
477 2417 585 2487 aquae
629 2393 846 2489 stagnantis,
891 2393 1000 2465 undis
1043 2392 1261 2465 successivis
1304 2394 1567 2466 ascendentem
1612 2422 1654 2467 ac

198 2509 486 2582 descendentem
499 2537 507 2595 ;
535 2508 682 2604 sintque
708 2509 761 2593 A,
785 2509 823 2594 C,
842 2509 890 2593 E,
911 2507 977 2581 &c
1007 2508 1188 2581 undarum
1215 2506 1387 2597 culmina,
1410 2508 1446 2581 8ι
1471 2509 1520 2598 Β,
1538 2511 1589 2595 D,
1608 2512 1652 2596 F,

199 2625 266 2698 &c
297 2624 399 2698 vales
429 2625 646 2698 intermedii.
720 2625 772 2696 Et
800 2625 976 2720 quoniam
1008 2640 1130 2698 motus
1161 2625 1341 2697 undarum
1374 2625 1416 2697 fit
1449 2651 1516 2721 per
1545 2652 1653 2722 aquae

199 2742 448 2815 successivum
467 2767 661 2815 ascensum
688 2741 725 2815 81
750 2741 982 2832 descensum,
1001 2743 1054 2815 sic
1080 2758 1121 2815 ut
1139 2743 1219 2840 ejus
1236 2756 1362 2836 partes
1378 2743 1433 2827 A,
1455 2743 1495 2831 C,
1514 2744 1563 2827 E,
1583 2741 1649 2816 &c

195 3326 280 3396 quae
299 3327 396 3376 nunc
413 3303 602 3378 altissimae
621 3320 716 3393 sunt,
737 3333 824 3381 mox
842 3309 933 3384 fiant
950 3310 1107 3400 infimae;
1136 3313 1172 3384 81
1189 3310 1247 3384 vis
1271 3310 1416 3396 motrix,
1436 3333 1509 3405 qua
1528 3320 1651 3403 partes

195 3418 384 3496 altissimae
401 3425 634 3499 descendunt
652 3427 688 3499 81
707 3428 842 3502 infimae
870 3431 1083 3517 ascendunt,
1103 3448 1161 3504 est
1182 3432 1329 3526 pondus
1347 3456 1454 3526 aquae
1472 3428 1627 3503 elevatae
1644 3452 1651 3508 ;

195 3535 357 3611 alternus
389 3539 447 3613 ille
477 3568 653 3615 ascensus
690 3543 726 3615 81
760 3545 962 3618 descensus
997 3544 1176 3645 analogus
1211 3549 1280 3620 erit
1315 3548 1429 3620 motui
1466 3545 1652 3639 reciproco

194 3685 304 3755 aquae
332 3663 369 3733 in
396 3662 522 3749 canali,
542 3666 769 3762 easdemque
795 3667 972 3761 temporis
998 3665 1101 3765 leges
1127 3666 1366 3740 observabit:
1393 3664 1430 3736 dt
1455 3676 1652 3758 propterea

196 3776 278 3872 (per
307 3804 411 3873 prop.
432 3780 534 3877 xnrv)
559 3783 589 3853 si
618 3783 804 3856 distantiae
834 3783 928 3856 inter
954 3784 1137 3855 undarum
1165 3781 1245 3856 loca
1272 3780 1449 3853 altissima
1478 3779 1532 3863 A,
1554 3776 1593 3861 C,
1612 3774 1654 3846 E

195 3891 231 3963 81
267 3892 393 3966 infima
427 3896 473 3982 B,
510 3898 560 3982 D,
596 3898 638 3968 F
669 3915 865 3994 aequentur
898 3898 1022 3994 duplae
1057 3898 1208 3995 penduli
1244 3896 1487 3995 longitudini;
1526 3908 1651 3988 partes

193 4009 383 4084 altissimae
410 4014 464 4099 A,
497 4014 536 4100 C,
565 4016 613 4101 E,
643 4031 811 4112 tempore
839 4016 1075 4090 oscillationis
1106 4017 1215 4090 unius
1245 4017 1407 4089 evadent
1435 4014 1582 4101 infimae,
1615 4009 1651 4083 &

193 4149 361 4228 ternpore
379 4133 616 4208 oscillationis
635 4134 784 4209 alterius
802 4137 926 4211 denuo
944 4136 1153 4210 ascendent.
1210 4135 1328 4233 Igitur
1344 4134 1440 4206 inter
1456 4129 1650 4204 transitum

193 4254 377 4326 undarum
409 4253 635 4352 singularum
672 4272 819 4352 tempus
855 4258 924 4330 erit
957 4255 1225 4331 oscillationum
1261 4254 1438 4338 duarum;
1477 4250 1547 4323 hoc
1582 4266 1648 4334 est,

193 4374 294 4445 unda
319 4373 504 4446 describet
529 4373 763 4447 latitudinem
792 4401 907 4461 suam,
936 4401 1011 4471 quo
1036 4391 1204 4469 tempore
1239 4370 1441 4468 pendulum
1473 4368 1561 4443 illud
1592 4369 1650 4442 bis

192 4490 403 4578 oscillatur;
431 4491 496 4563 sed
516 4493 649 4564 eodem
677 4508 844 4588 tempore
870 4491 1082 4588 pendulum,
1102 4493 1205 4589 cujus
1231 4489 1425 4588 longitudo
1442 4485 1649 4585 quadrupla

192 4625 258 4693 est,
279 4609 438 4705 ideoque
465 4626 589 4705 aequat
616 4611 797 4683 undarum
820 4610 1060 4696 latitudinem,
1080 4607 1306 4683 oscillabitur
1322 4607 1446 4681 semel.
1502 4608 1546 4697 Q.
1555 4609 1646 4681 ΕΙ.

263 4727 380 4800 Corol.
416 4752 442 4800 1.
474 4727 592 4824 Igitur
618 4729 738 4813 undae,
758 4754 842 4824 quae
870 4728 985 4824 pedes
1011 4726 1237 4799 Partir'enses
1259 4728 1322 4819 3rb
1339 4722 1423 4798 latae
1442 4741 1537 4812 sunt,
1556 4741 1648 4799 tem-

194 4868 283 4939 pore
302 4846 431 4918 minuti
459 4846 566 4918 unius
593 4845 743 4920 secundi
764 4846 1036 4944 progrediendo
1060 4843 1290 4919 latitudinem
1310 4869 1414 4917 suam
1432 4843 1647 4929 conficient;
