1583 1669
703 231 774 246 LIBER
783 231 875 247 PRIMUS.
1133 237 1152 255 7¹

425 281 516 300 lombitur
530 284 619 305 punctum
634 280 653 298 Z
666 280 684 298 in
700 280 803 304 hyperbola
815 280 867 304 cujus
881 280 961 299 umbilici
974 284 1018 299 sunt
1030 281 1051 299 A
1066 280 1084 299 δι
1097 281 1120 302 B.
1137 281 1155 299 8:

425 309 530 334 principalis
543 309 583 328 axis
596 309 700 328 differentia
709 309 740 328 illa
748 309 797 328 daoe.
825 309 855 328 Sit
867 310 907 328 axis
916 308 947 328 ille
955 309 984 327 M
987 309 1015 328 Ν.
1043 309 1095 334 Cape
1106 310 1159 328 PM

425 339 449 358 ad
458 338 508 357 MA
518 342 539 357 ut
548 342 577 357 est
588 338 644 357 MN
653 338 678 356 ad
690 338 711 357 A
718 338 742 360 B,
752 338 770 357 &
779 342 841 357 erecta
853 339 896 357 PR
910 338 1056 363 perpendiculari
1065 338 1089 357 ad
1102 338 1123 357 A
1130 339 1154 360 B,

425 368 544 392 demissaque
554 368 574 386 Z
579 368 599 386 R
607 367 753 392 perpendiculari
764 367 788 386 ad
801 368 821 386 P
825 368 845 386 R
850 376 857 389 ;
870 368 909 389 erit,
919 374 942 386 ex
952 372 1017 386 natum
1025 368 1080 392 hujus
1089 368 1155 392 hyper-

426 397 478 418 bolae,
487 397 532 415 ZR
541 397 565 415 ad
574 397 594 415 A
601 397 620 415 Z
627 401 648 415 ut
657 400 686 415 est
696 397 751 415 MN
761 396 785 415 ad
799 397 850 415 AB.
878 397 938 415 Simili
947 397 1030 415 discursu
1040 401 1129 421 punctum
1138 397 1157 415 Z

425 425 515 445 locabitur
527 426 546 444 in
559 425 595 444 alia
608 425 715 450 hyperbola,
729 425 782 449 cujus
795 425 875 444 umbilici
889 430 932 445 sunt
945 426 971 447 A.
987 426 1004 444 C
1017 426 1035 444 δι
1050 425 1156 450 principalis

425 455 465 473 axis
482 455 587 473 differentia
604 455 651 473 inter
667 454 714 472 ΑΖ
730 454 748 473 8ι
767 454 784 473 C
786 455 809 476 Z,
827 454 907 480 ducique
925 459 987 479 potest
1004 455 1045 478 QS
1061 455 1096 479 ipsi
1111 455 1131 473 A
1141 455 1158 473 C

425 483 587 508 perpendicularis,
601 484 624 502 ad
638 490 695 508 quarn
710 483 725 501 si
741 483 765 502 ab
780 484 887 508 hyperbolae
903 485 957 509 hujus
973 488 1042 509 puncto
1057 484 1123 509 quovis
1138 484 1157 502 Z

425 513 534 532 demittatur
547 512 634 531 normalis
647 513 666 531 Z
671 513 691 534 S,
701 512 741 531 haec
754 513 809 531 suerit
822 513 846 531 ad
859 514 880 532 A
886 514 905 532 Z
917 518 938 532 ut
950 518 979 532 est
992 513 1096 532 differentia
1109 513 1157 531 inter

426 542 472 560 ΑΖ
480 542 498 560 δι
509 542 548 560 CZ
558 541 583 560 ad
594 542 615 560 A
624 542 643 560 C.
672 542 746 560 Dantur
759 548 804 566 ergo
817 543 897 561 rationes
913 543 994 567 ipsarum
1006 543 1049 561 ZR
1059 542 1077 561 &
1085 542 1125 560 ZS
1132 542 1155 560 ad

425 571 476 593 ΑΖ,
490 571 509 589 δι
522 571 590 589 idcirco
603 570 657 589 datur
670 571 771 590 earundem
784 571 827 590 ZR

430 600 448 619 &
461 600 479 618 Ζ
485 600 502 618 S
513 600 561 618 ratio
573 599 598 618 ad
611 600 701 622 invicem;
716 600 796 625 ideoque
811 600 827 619 si

426 634 481 648 rectae
494 629 543 650 RP,
557 629 595 651 SQ
609 633 718 648 concurrant
733 630 751 648 in
771 630 791 651 T,
807 629 826 648 &

425 662 505 683 agantur
518 658 559 676 TZ
571 658 590 677 δε
606 658 655 680 TA,
667 658 726 683 figura
741 659 828 677 TRZS

425 688 500 706 dabitur
514 687 582 712 specie,
598 687 617 706 δε
632 691 682 706 recta
702 688 722 706 T
723 688 741 706 Z
756 688 774 706 in
790 694 828 712 qua

426 721 515 741 punctum
531 717 550 735 Z
568 716 635 735 alicubi
656 716 731 738 locatur.
753 717 828 735 dabitur

427 746 523 770 positione.
552 746 633 764 Dabitur
643 746 699 764 etiam
713 749 763 764 reem.
779 746 827 767 TA,

426 779 447 793 ut
465 775 483 793 &
501 774 581 800 angulus
599 775 672 796 ATZ;
692 775 710 793 δι
729 775 754 793 ob
774 775 828 793 datas

426 804 507 823 rationes
516 804 597 828 ipsarum
610 804 656 822 ΑΖ
668 810 689 822 ac
706 804 745 822 TZ
756 803 780 822 ad
789 804 830 822 ZS

426 833 500 852 dabitur
516 833 619 852 earundem
635 833 682 851 ran'o
698 833 723 851 ad
739 833 829 854 invicem:

427 862 446 881 &
463 862 506 881 inde
523 862 598 881 dabitur
615 861 728 887 triangulum
750 862 771 880 A
783 862 802 880 T
805 861 827 883 Z,

426 892 478 916 cujus
486 895 552 910 vertex
560 895 590 910 est
598 895 687 915 punctum
696 891 718 910 Z.
746 891 818 914 Q.E.l.

461 920 501 939 Cas.
512 926 528 938 2.
543 920 564 939 Si
577 920 620 939 duae
632 926 656 939 ex
670 920 728 939 tribus
741 920 799 942 lineis,
810 924 856 944 pura
868 920 889 938 A
895 920 914 938 Ζ
926 919 945 938 8ι
957 919 1004 942 BZ,
1018 922 1120 943 aequantur,
1131 918 1157 937 ita

427 956 463 974 age
478 953 547 968 recu-:m
566 949 609 971 TZ,
624 953 645 968 ut
660 949 730 968 bisecet
746 953 814 967 rectam
829 949 876 967 AB
881 957 888 971 ;
905 949 949 967 dein
964 955 1028 973 quaere
1045 947 1157 973 triangulum

428 979 448 997 A
459 978 478 996 Τ
483 979 502 997 Ζ
510 982 531 997 ut
539 984 600 1003 supra.

462 1008 502 1026 Cas.
513 1014 529 1031 ³-
544 1008 564 1026 Si
578 1013 643 1026 omnes
656 1011 693 1026 tres
707 1011 809 1032 sequantur,
819 1007 912 1032 locabitur
925 1011 1014 1032 punctum
1029 1007 1048 1025 Z
1061 1007 1080 1025 in
1093 1010 1156 1024 centro

427 1036 489 1055 circuli
497 1043 531 1061 per
539 1036 641 1061 puncmA,
649 1036 674 1058 B,
685 1036 702 1054 C
709 1036 825 1055 transeuntis.
853 1036 875 1059 Q.
881 1036 905 1055 E.
912 1037 929 1055 I.

461 1065 545 1085 Solvitur
557 1065 613 1084 etiarn
626 1066 661 1084 hoc
674 1065 742 1084 lemma
755 1065 908 1089 problematicum
925 1072 959 1090 per
973 1065 1040 1084 librum
1056 1065 1156 1083 tactionum

427 1095 526 1119 Apollonii
532 1101 544 1113 a
557 1095 609 1113 Victa
618 1095 727 1113 restitutum.

516 1159 703 1178 PROPOSITIO
723 1159 785 1178 XXL
815 1159 982 1178 PROBLEMA
1002 1159 1067 1177 XIII.

434 1197 566 1221 Trasmoriam
582 1198 631 1216 circa
645 1198 710 1216 datum
725 1198 831 1216 umbilicum
847 1198 948 1220 describere,
966 1203 1006 1221 qua
1022 1196 1110 1215 transibit
1121 1199 1158 1221 per

549 1229 622 1250 puncta
629 1226 674 1245 data
684 1227 708 1246 ἅ
716 1229 774 1245 ratas
777 1226 868 1250 positione
875 1227 928 1245 datas
936 1226 1029 1250 continget.

463 1270 524 1289 Detur
536 1271 633 1290 umbilicus
647 1271 667 1293 S,
678 1275 767 1296 punctum
780 1272 804 1293 P,
818 1271 836 1290 81
849 1275 928 1296 tangens
945 1271 990 1293 TR,
1003 1271 1022 1290 &
1035 1271 1157 1290 inveniendus

426 1300 451 1318 sit
464 1299 560 1319 umbilicus
569 1300 616 1319 alter
623 1301 651 1319 H.
679 1301 711 1319 Ad
720 1304 829 1325 tangentem
838 1301 915 1320 demitte
924 1300 1075 1325 perpendiculum
1085 1301 1102 1319 S
1109 1301 1129 1322 73
1139 1300 1158 1319 &

415 1351 417 1353 v
427 1329 500 1353 produc
509 1329 558 1348 idem
567 1329 591 1348 ad
603 1330 624 1351 Y,
634 1333 655 1348 ut
663 1330 687 1348 sit
703 1330 723 1349 T
728 1330 748 1349 Y
758 1330 834 1355 aequalis
848 1331 865 1349 S
872 1331 893 1352 T,
902 1330 921 1349 &
933 1330 969 1349 erit
984 1330 1004 1348 Y
1006 1330 1032 1348 H
1042 1330 1119 1354 aequalis
1127 1330 1157 1348 axi
