4110 5782
767 442 908 501 LIBER
933 443 1133 505 TERTIUS.
1601 469 1673 538 443

272 635 372 707 Nam
399 636 429 707 si
448 637 536 707 PF
548 651 677 733 tangat
695 635 868 709 circulum
897 638 932 710 in
950 639 988 710 P
1014 637 1050 710 8(
1074 639 1254 733 producta
1274 655 1441 712 occurrat
1467 641 1558 713 TN
1573 642 1609 714 in
1627 644 1672 728 F,

218 753 255 825 8(
263 762 295 847 p
294 751 334 845 β
351 767 480 849 tangat
506 752 649 848 ellipsin
678 753 756 848 inp
775 753 811 826 8(
829 754 1008 848 producta
1034 772 1200 829 occurrat
1226 755 1347 829 eidem
1373 758 1469 830 TN
1485 759 1521 831 in
1530 758 1570 854 f,
1588 785 1674 833 con·

218 869 369 942 veniant
395 885 520 943 autem
547 870 605 943 hae
634 886 830 968 tangentes
858 872 893 943 in
924 896 995 944 axe
1020 873 1058 943 T
1064 871 1098 959 Q
1116 872 1165 943 ad
1192 874 1250 958 K·
1277 874 1312 946 8(
1330 875 1361 946 si
1387 875 1483 947 ML
1503 876 1677 974 designet

217 988 377 1081 spatium
396 987 497 1083 quod
516 986 603 1061 luna
621 989 656 1060 in
676 987 810 1062 circulo
837 986 1044 1072 revolvens
1064 988 1205 1062 interea
1230 990 1319 1063 dum
1346 991 1522 1064 describit
1547 1018 1673 1066 arcum

216 1104 323 1189 PM,
359 1120 515 1201 urgente
550 1104 586 1177 8(
622 1103 834 1200 impellente
870 1106 906 1177 vi
938 1105 1115 1201 praedicta
1152 1129 1171 1198 3
1196 1107 1223 1178 l
1240 1107 1277 1179 T
1306 1132 1372 1179 seu
1410 1132 1429 1200 3
1449 1109 1487 1180 P
1498 1108 1551 1194 K,
1571 1126 1675 1183 motu

217 1236 429 1294 transverso
451 1222 660 1295 describere
686 1237 824 1318 posset,
844 1221 881 1294 8(
907 1223 976 1294 ml
1001 1221 1174 1319 designet
1204 1224 1364 1319 spatium
1391 1225 1492 1320 quod
1524 1223 1611 1298 luna
1637 1227 1674 1299 in

216 1336 334 1434 ellipsi
362 1337 558 1412 revolvens
585 1339 718 1414 eodem
745 1355 921 1434 tempore,
941 1354 1098 1435 urgente
1124 1339 1235 1412 etiam
1254 1341 1291 1412 vi
1314 1364 1333 1433 3
1353 1343 1382 1413 l
1396 1342 1434 1412 T
1444 1367 1509 1414 seu
1530 1365 1550 1434 3
1570 1343 1672 1428 PK,

216 1456 425 1529 describere
451 1472 598 1550 posset;
627 1456 664 1528 8(
689 1456 940 1552 producantur
957 1456 1043 1528 LP
1061 1456 1097 1528 8(
1124 1458 1143 1530 l
1140 1467 1172 1552 p
1200 1457 1319 1531 donec
1345 1473 1537 1531 occurrant
1563 1457 1674 1554 plano

216 1573 393 1667 eclipticae
421 1573 457 1645 in
480 1574 515 1646 G
542 1573 578 1646 8(
597 1599 652 1669 ξ,·
679 1574 714 1645 8(
737 1573 942 1670 jungantur
970 1573 1009 1644 F
1016 1573 1051 1645 G
1070 1571 1105 1644 8(
1112 1571 1184 1668 βξ,
1204 1600 1359 1670 quarum
1384 1574 1425 1644 F
1433 1575 1469 1647 G
1493 1573 1675 1669 producta

216 1707 316 1763 secet
324 1700 356 1785 p
357 1689 397 1783 fi
407 1698 440 1784 p
444 1716 471 1785 ξ
492 1689 528 1762 8(
554 1691 591 1761 T
598 1691 631 1779 Q
651 1691 687 1761 in
705 1715 732 1778 c,
751 1716 770 1762 e
786 1689 823 1763 8(
840 1691 879 1761 R
906 1689 1121 1784 respective,
1141 1688 1177 1761 8(
1183 1688 1223 1782 β
1217 1715 1251 1785 ξ
1265 1689 1444 1785 producta
1469 1706 1570 1763 secet
1596 1691 1633 1762 Τ
1639 1691 1674 1781 Q

218 1809 253 1878 in
273 1833 304 1880 r.
360 1806 548 1896 Quoniam
567 1806 624 1877 vis
644 1829 664 1898 3
683 1806 764 1878 JT
775 1831 841 1878 seu
862 1829 881 1898 3
900 1805 996 1877 PK
1009 1805 1046 1877 in
1073 1802 1208 1877 circulo
1225 1820 1283 1877 est
1304 1805 1351 1876 ad
1380 1805 1455 1876 vim
1475 1830 1495 1898 3
1514 1805 1544 1877 I
1558 1806 1596 1877 T
1607 1832 1674 1881 seu

218 1950 238 2018 3
249 1925 340 2020 pK
354 1925 391 1996 in
410 1922 538 2020 ellipsi,
558 1942 599 1998 ut
624 1924 719 1997 PK
733 1924 780 1996 ad
798 1925 894 2019 pK,
913 1949 979 1996 seu
998 1924 1037 1994 A
1059 1922 1198 1994 Tadu
1219 1923 1257 1994 T
1261 1953 1275 2007 ,·
1301 1921 1369 1996 erit
1388 1923 1547 2017 spatium
1574 1923 1671 1997 ML

215 2043 253 2115 vi
272 2043 394 2138 priore
411 2044 579 2141 genitum
607 2042 655 2115 ad
682 2043 843 2137 spatium
871 2042 938 2114 ml
959 2041 996 2112 vi
1024 2036 1227 2135 posteriore
1252 2040 1430 2137 genitum,
1450 2055 1491 2112 ut
1516 2041 1611 2113 PK
1624 2041 1672 2114 ad

207 2162 302 2255 pK,
319 2161 355 2233 id
370 2177 437 2248 est,
451 2161 499 2233 ob
517 2158 655 2233 similes
674 2159 812 2256 figuras
829 2158 868 2228 P
887 2157 925 2228 V
932 2156 981 2228 K
978 2166 1010 2251 p
1029 2156 1065 2228 8(
1082 2157 1124 2226 F
1129 2157 1168 2227 Y
1173 2157 1212 2227 R
1223 2181 1249 2239 c,
1264 2171 1306 2227 ut
1322 2157 1402 2227 FR
1419 2155 1467 2228 ad
1485 2159 1554 2230 cR.
1604 2158 1676 2230 Est

215 2294 339 2349 autem
367 2276 462 2347 ML
483 2276 530 2347 ad
555 2277 597 2347 F
605 2275 641 2347 G
660 2274 723 2372 (ob
750 2273 882 2346 similia
909 2270 1092 2371 triangula
1108 2274 1147 2344 P
1157 2274 1192 2345 L
1205 2273 1264 2358 M,
1283 2274 1321 2344 P
1335 2274 1370 2346 G
1380 2274 1422 2344 F
1423 2272 1437 2369 )
1457 2289 1497 2346 ut
1522 2274 1605 2346 PL
1625 2274 1674 2347 ad

216 2395 254 2465 P
267 2393 311 2478 G,
339 2393 409 2466 hoc
436 2407 493 2464 est
521 2392 584 2490 (ob
611 2389 804 2487 parallelas
831 2392 866 2463 L
879 2391 913 2476 k,
932 2393 970 2463 P
980 2392 1032 2476 K,
1055 2391 1091 2463 G
1101 2390 1154 2487 R)
1176 2405 1216 2462 ut
1229 2401 1261 2486 p
1273 2391 1293 2463 l
1305 2389 1353 2462 ad
1371 2399 1403 2484 p
1416 2415 1442 2476 e,
1462 2389 1499 2462 id
1527 2406 1584 2463 est
1611 2391 1674 2489 (ob

216 2508 348 2582 similia
366 2507 549 2607 triangula
554 2511 657 2604 plm,
675 2509 755 2608 cpe)
778 2525 818 2582 ut
835 2511 901 2582 lm
918 2508 966 2581 ad
984 2534 1049 2594 ce,·
1076 2507 1112 2580 8(
1131 2508 1276 2580 inverse
1294 2524 1336 2581 ut
1352 2508 1387 2579 L
1401 2509 1455 2579 M
1464 2524 1522 2580 est
1535 2508 1582 2580 ad
1601 2510 1672 2594 lm,

216 2653 282 2700 seu
299 2629 341 2698 F
345 2628 385 2699 R
403 2628 450 2699 ad
468 2628 544 2712 cR,
565 2627 616 2698 ita
633 2642 691 2698 est
707 2627 749 2697 F
757 2626 792 2698 G
809 2627 857 2698 ad
875 2652 926 2699 ce.
984 2626 1037 2698 Et
1054 2642 1250 2721 propterea
1267 2625 1298 2697 si
1306 2624 1345 2719 β
1339 2651 1373 2721 ξ
1387 2642 1486 2698 esset
1504 2626 1551 2698 ad
1570 2652 1618 2699 ce
1633 2642 1674 2699 ut

205 2744 354 2839 fl'ad
380 2746 456 2828 (Υ,
477 2744 513 2815 id
532 2759 598 2829 est,
618 2743 731 2838 utfr
746 2743 793 2815 ad
811 2745 878 2817 cR
898 2743 983 2841 (hoc
1009 2761 1077 2832 est,
1095 2743 1207 2838 utfr
1222 2743 1269 2816 ad
1288 2745 1373 2815 FR
1391 2743 1427 2816 8(
1444 2744 1519 2816 FR
1536 2744 1585 2816 ad
1606 2746 1674 2818 cR

216 2862 449 2959 conjunctim,
470 2862 506 2934 id
526 2879 591 2947 est,
612 2878 652 2934 ut
658 2861 697 2956 β
709 2862 747 2933 T
758 2862 805 2934 ad
824 2863 865 2933 F
878 2862 915 2933 Τ
935 2861 971 2934 8(
988 2864 1030 2934 F
1038 2863 1073 2934 G
1090 2861 1137 2933 ad
1163 2888 1209 2934 ce
1233 2860 1469 2959 conjunctim)
1499 2863 1674 2958 quoniam

218 2983 311 3054 ratio
329 2983 370 3052 F
378 2982 413 3054 G
431 2982 479 3054 ad
505 3007 551 3054 ce
566 2981 739 3075 utrinque
762 2979 886 3053 ablata
913 2978 1085 3075 relinquit
1111 2981 1272 3053 rationes
1287 2980 1354 3076 βξ
1368 2981 1415 3053 ad
1442 2983 1484 3053 F
1491 2982 1526 3054 G
1545 2981 1581 3053 8(
1595 2980 1634 3075 β
1643 2982 1681 3053 T

215 3100 263 3172 ad
282 3101 323 3171 F
336 3100 376 3185 T,
400 3098 494 3172 soret
501 3097 540 3192 f
533 3124 567 3193 ξ
582 3097 628 3169 ad
647 3098 689 3168 F
697 3099 733 3170 G
749 3112 791 3169 ut
805 3097 844 3192 β
855 3098 892 3170 T
903 3097 950 3169 ad
968 3099 1010 3169 F
1023 3097 1060 3168 T
1058 3127 1072 3180 ,·
1093 3113 1205 3192 atque
1224 3097 1308 3171 ideo
1322 3096 1457 3196 anguli,
1478 3123 1571 3194 quos
1588 3100 1630 3170 F
1639 3098 1675 3170 G

77 3293 80 3298 ,
218 3218 253 3290 8(
261 3216 321 3314 βξ
341 3215 609 3288 subtenderent
626 3215 674 3287 ad
693 3231 827 3288 terram
855 3216 1150 3311 Taequarentur
1168 3215 1263 3286 inter
1279 3240 1329 3288 se.
1384 3214 1462 3287 Sed
1480 3212 1605 3312 anguli
1624 3213 1673 3286 illi

218 3334 300 3432 (per
317 3358 361 3406 ea
379 3358 462 3428 quae
483 3332 518 3403 in
537 3332 771 3427 praecedente
797 3333 1050 3428 propositione
1077 3331 1329 3427 exposuimus)
1357 3347 1442 3402 sunt
1469 3347 1590 3403 motus
1609 3355 1673 3404 no·

216 3452 358 3535 dorum,
386 3475 461 3545 quo
494 3465 661 3544 tempore
692 3447 777 3522 luna
807 3451 842 3522 in
872 3449 1006 3523 circulo
1037 3474 1161 3521 arcum
1191 3447 1305 3531 PM,
1335 3448 1371 3518 in
1400 3445 1518 3541 ellipsi
1549 3472 1673 3518 arcum

208 3578 287 3662 pm
322 3566 526 3662 percurrit:
567 3565 603 3637 8(
638 3583 834 3662 propterea
869 3584 990 3640 motus
1027 3566 1206 3639 nodorum
1244 3564 1279 3634 in
1316 3560 1450 3635 circulo
1485 3562 1521 3634 8(
1555 3560 1673 3658 ellipsi

217 3698 453 3780 aequarentur
470 3682 565 3755 inter
582 3708 631 3754 se.
690 3682 786 3755 Haec
806 3684 856 3755 ita
873 3709 914 3756 se
933 3683 1121 3765 haberent,
1141 3681 1171 3751 si
1190 3681 1303 3753 modo
1310 3679 1348 3774 β
1343 3706 1377 3775 ξ
1391 3694 1490 3752 esset
1508 3679 1555 3751 ad
1574 3705 1619 3752 ce
1634 3698 1675 3753 ut

204 3850 243 3945 β
251 3853 289 3923 V
308 3849 356 3921 ad
382 3849 459 3932 cll,
485 3848 522 3920 id
549 3863 614 3932 est,
634 3849 664 3919 si
680 3847 741 3945 βξ
769 3847 921 3943 aequalis
948 3866 1047 3923 esset
1072 3796 1243 3988 ‘Rex—{K
1300 3846 1440 3918 Verum
1467 3846 1516 3919 ob
1543 3846 1675 3920 similia

215 4028 399 4127 triangula
414 4028 452 4123 β
450 4037 522 4124 gp,
541 4036 631 4121 (ιβ,
651 4042 708 4098 est
723 4026 790 4123 βξ
812 4028 859 4099 ad
886 4055 931 4100 ce
955 4044 996 4101 ut
1011 4029 1073 4125 sp
1100 4032 1147 4103 ad
1173 4041 1248 4126 ψ·
1275 4029 1434 4123 ideoque
1441 4026 1479 4121 β
1474 4053 1507 4123 ξ
1521 4004 1673 4123 aequalis

216 4216 273 4273 est
297 4145 453 4357 ⁶26³}st
466 4225 473 4283 ;
502 4194 538 4267 8(
564 4210 760 4289 propterea
786 4194 952 4292 angulus,
973 4223 1083 4292 quem
1099 4198 1160 4296 βξ
1190 4221 1319 4270 revera
1336 4194 1535 4279 subtendit,
1551 4211 1608 4267 est
1625 4194 1673 4267 ad

215 4379 392 4478 angulum
419 4377 587 4473 priorem,
617 4400 728 4470 quem
757 4376 798 4446 F
806 4377 842 4449 G
869 4377 1067 4465 subtendit,
1087 4379 1156 4453 hoc
1184 4393 1250 4463 est,
1278 4391 1400 4448 motus
1428 4374 1609 4448 nodorum
1637 4376 1673 4449 in

1350 4490 1496 4586 cexfp

216 4548 333 4644 ellipsi
352 4546 399 4619 ad
427 4560 568 4616 motum
588 4543 768 4617 nodorum
789 4545 824 4617 in
844 4543 988 4630 circulo,
1008 4561 1048 4618 ut
1074 4546 1154 4620 haec
1169 4546 1236 4643 βξ
1258 4570 1323 4618 seu
1352 4591 1500 4603 -—-

1397 4622 1448 4707 cr

215 4778 384 4874 oremfg
404 4801 469 4848 seu
488 4721 661 4914 ‘Af—{K
680 4775 1310 4873 idest,utfpchade>‹cp,
1329 4777 1672 4874 seufpadflf&
