4110 5782
739 408 880 466 LIBER
905 407 1105 467 TERTIUS.
1581 430 1652 500 405

201 606 417 704 Hugeniani
444 631 467 678 a
493 620 619 678 centro
647 604 786 676 saturni
818 602 852 696 3'
878 603 936 694 4‘',
957 601 1108 674 &lunae
1137 627 1160 674 a
1188 619 1315 676 centro
1344 619 1451 676 terrae
1485 602 1541 677 10‘
1571 607 1653 699 33'',

199 741 414 819 computum
433 722 595 795 ineundo
615 720 737 793 inveni
757 719 857 816 quod
877 745 1071 814 corporum
1098 718 1295 816 aequalium
1315 719 1350 792 &
1369 746 1390 791 a
1409 737 1535 794 centro
1557 721 1654 810 solis,

193 843 304 939 jovis
324 842 464 913 saturni
493 867 536 912 ac
564 857 671 913 terrae
700 836 892 933 aequaliter
919 837 1135 909 distantium
1169 837 1335 932 pondera
1361 838 1435 910 sint
1464 839 1499 911 in
1528 838 1655 926 solem,

193 962 332 1057 jovem,
365 975 556 1032 saturnum
584 983 626 1030 ac
656 972 790 1029 terram
819 971 860 1028 ut
895 980 921 1041 1,
947 955 1036 1040 ulcr,
1059 955 1148 1040 rubr,
1173 956 1209 1028 8t
1232 956 1353 1035 srdm
1375 957 1589 1052 respective,
1620 959 1657 1033 8ι

94 1120 97 1125 ·
199 1078 315 1150 auctis
346 1075 405 1149 vel
436 1075 627 1149 diminutis
658 1073 852 1157 distantiis
872 1073 1038 1168 pondera
1066 1072 1321 1147 diminuuntur
1341 1073 1400 1148 vel
1418 1091 1602 1172 augentur
1620 1076 1657 1150 in

199 1194 388 1291 duplicata
423 1195 587 1266 ratione:
632 1190 798 1286 pondera
832 1190 1029 1285 aequalium
1064 1216 1260 1285 corporum
1292 1191 1327 1263 in
1363 1189 1489 1276 solem,
1516 1193 1655 1289 jovem,

199 1330 391 1387 saturnum
420 1337 462 1383 ac
491 1325 625 1382 terram
656 1309 691 1380 in
722 1308 905 1380 distantiis
943 1331 1071 1394 10000,
1091 1330 1174 1401 997,
1198 1329 1276 1400 791,
1297 1306 1333 1379 &
1356 1332 1424 1398 109
1453 1309 1500 1380 ab
1528 1330 1680 1382 eorum·

199 1432 344 1515 centris
364 1445 476 1524 atque
496 1426 579 1497 ideo
602 1425 637 1496 in
665 1449 793 1497 eorum
819 1423 1092 1519 superficiebus
1112 1440 1220 1497 erunt
1246 1439 1287 1496 ut
1318 1449 1447 1510 roooo,
1468 1449 1551 1518 943,
1574 1448 1656 1519 529,

200 1548 237 1620 81
254 1571 301 1640 43
307 1569 325 1640 5
348 1533 562 1641 respective.
617 1541 769 1634 Quanta
790 1542 863 1614 sint
888 1542 1055 1636 pondera
1081 1566 1276 1638 corporum
1295 1542 1330 1613 in
1349 1543 1543 1638 superficie
1561 1543 1658 1617 lunae

200 1665 343 1737 dicetur
362 1663 397 1734 in
417 1659 669 1756 sequentibus

271 1780 389 1852 corel.
413 1803 443 1851 2.
476 1776 679 1848 Innotescit
705 1776 817 1848 etiam
844 1776 1031 1871 quantitas
1059 1777 1222 1849 materiae
1249 1777 1286 1849 in
1313 1774 1471 1872 planetis
1490 1777 1654 1874 singulis.

203 1895 303 1969 Nam
322 1896 547 1992 quantitates
567 1894 730 1967 materiae
750 1894 785 1965 in
804 1892 961 1988 planetis
980 1908 1067 1965 sunt
1081 1910 1121 1966 ut
1138 1919 1266 1966 eorum
1282 1895 1379 1966 vires
1399 1895 1434 1966 in
1454 1894 1658 1990 aequalibus

202 2013 386 2086 distantiis
417 2012 465 2085 ab
496 2037 624 2085 eorum
655 2012 799 2096 centris,
820 2011 856 2082 id
888 2025 954 2095 est,
988 2011 1023 2081 in
1055 2009 1142 2096 sole,
1170 2012 1269 2108 jove,
1301 2028 1453 2084 saturno
1485 2038 1527 2083 ac
1562 2030 1658 2085 terra

205 2147 291 2204 sunt
309 2146 350 2203 ut
375 2155 401 2215 1,
421 2129 511 2214 rubr,
531 2128 619 2213 adar,
641 2126 815 2205 &nabar
834 2127 1047 2221 respective.
1101 2128 1142 2199 Si
1161 2126 1357 2223 parallaxis
1375 2128 1463 2201 solis
1481 2146 1663 2202 statuatur

202 2249 320 2346 major
336 2246 396 2320 vel
415 2246 536 2317 minor
559 2270 671 2340 quam
705 2242 773 2317 10''
801 2241 896 2336 3o''',
915 2242 1068 2316 debebit
1096 2245 1282 2339 quantitas
1309 2245 1474 2318 materiae
1501 2245 1537 2317 in
1564 2263 1660 2319 terra

202 2364 328 2461 augeri
348 2361 407 2435 vel
426 2361 581 2434 diminui
600 2362 636 2432 in
656 2359 836 2456 triplicata
854 2360 1004 2433 ratione.

256 2483 374 2554 Corol.
397 2506 428 2574 3.
462 2481 703 2553 Innotescunt
721 2481 833 2553 etiam
851 2481 1054 2553 densitates
1081 2480 1319 2577 planetarum.
1376 2485 1476 2558 Nam
1494 2486 1660 2581 pondera

203 2624 399 2695 corporum
426 2597 623 2693 aequalium
644 2597 679 2669 81
698 2597 1013 2694 homogeneorum
1041 2598 1077 2670 in
1103 2599 1268 2693 sphaeras
1297 2600 1548 2698 homogeneas
1574 2617 1661 2674 sunt

203 2717 238 2788 in
258 2715 525 2812 superficiebus
552 2715 780 2811 sphaerarum
807 2730 847 2787 ut
873 2714 1101 2810 sphaerarum
1128 2716 1308 2803 diametri,
1327 2742 1394 2813 per
1419 2743 1522 2813 prop.
1553 2738 1660 2790 Lxxu

203 2832 264 2906 lib.
291 2859 318 2919 1,
341 2834 500 2930 ideoque
530 2833 759 2928 sphaerarum
788 2832 1120 2929 heterogenearum
1149 2834 1352 2907 densitates
1381 2851 1470 2907 sunt
1500 2851 1541 2908 ut
1568 2862 1661 2931 pon·

204 2952 293 3024 dera
323 2950 383 3024 illa
413 2950 597 3047 applicata
627 2951 674 3023 ad
706 2949 935 3046 sphaerarum
966 2950 1176 3023 diametros
1256 2950 1375 3023 Erant
1405 2965 1530 3023 autem
1561 2978 1660 3026 verae
1775 2976 1779 2984 ·

204 3067 303 3156 solis,
318 3069 428 3166 jovis
448 3068 588 3140 saturni
607 3093 649 3139 ac
677 3083 784 3140 terrae
810 3066 979 3138 diametri
1007 3066 1055 3138 ad
1083 3067 1241 3139 invicem
1259 3084 1301 3140 ut
1324 3092 1452 3153 10000,
1473 3090 1556 3161 997,
1580 3091 1659 3162 791,

206 3185 343 3275 &109,
364 3184 401 3256 81
430 3185 597 3279 pondera
628 3185 663 3257 in
692 3184 845 3257 eosdem
874 3200 915 3256 ut
948 3208 1076 3270 10000,
1096 3208 1179 3277 943,
1201 3206 1272 3277 529
1293 3184 1328 3256 81
1346 3207 1417 3278 435
1445 3186 1660 3281 respective,

206 3302 242 3374 81
268 3319 466 3399 propterea
492 3302 695 3375 densitates
722 3319 808 3375 sunt
836 3317 877 3374 ut
901 3326 977 3387 100,
998 3301 1076 3393 94l,
1097 3309 1144 3394 67
1164 3301 1200 3373 8r
1217 3326 1301 3393 400.
1359 3303 1536 3376 Densitas
1555 3319 1662 3376 terrae

205 3446 289 3515 quae
308 3420 432 3514 prodit
452 3445 500 3492 ex
527 3419 596 3491 hoc
623 3435 798 3513 computo
816 3444 891 3491 non
919 3419 1057 3513 pendet
1082 3445 1105 3490 a
1130 3417 1306 3514 parallaxi
1333 3418 1431 3506 solis,
1448 3420 1515 3492 sed
1542 3419 1662 3492 deter-

206 3538 368 3610 minatur
395 3562 461 3631 per
487 3534 689 3631 parallaxin
716 3535 823 3621 lunae,
852 3535 888 3608 81
916 3551 1113 3630 propterea
1139 3535 1197 3607 hic
1224 3551 1322 3608 recte
1349 3535 1530 3607 definitur.
1592 3534 1664 3606 Est

206 3655 318 3751 igitur
345 3653 399 3726 sol
428 3652 539 3748 paulo
567 3653 716 3726 densior
745 3679 857 3749 quam
883 3653 1029 3749 jupiter,
1049 3653 1085 3726 81
1110 3653 1250 3750 jupiter
1277 3678 1388 3748 quam
1417 3670 1597 3737 saturnus,
1628 3652 1665 3726 81

207 3787 304 3843 terra
322 3769 530 3867 quadruplo
548 3770 698 3843 densior
715 3795 826 3865 quam
845 3768 909 3843 sol.
966 3769 1066 3840 Nam
1085 3794 1152 3864 per
1170 3770 1358 3865 ingentem
1377 3794 1484 3841 suum
1503 3768 1663 3842 calorem

206 3886 260 3960 sol
290 3888 448 3961 rarescit.
507 3888 615 3958 Luna
642 3911 733 3960 vero
764 3888 914 3961 densior
941 3902 999 3960 est
1026 3911 1137 3981 quam
1166 3903 1272 3972 terra,
1292 3901 1333 3958 ut
1359 3887 1395 3958 in
1423 3887 1663 3982 sequentibus

209 4005 361 4099 patebit

278 4124 395 4195 Corol.
417 4145 450 4212 4.
483 4121 687 4194 Densiores
707 4120 818 4217 igitur
835 4135 922 4192 sunt
943 4118 1102 4215 planetae
1129 4120 1192 4215 qui
1218 4135 1306 4192 sunt
1333 4120 1502 4206 minores,
1521 4122 1664 4194 caeteris

208 4240 368 4335 paribus
423 4238 486 4310 Sic
513 4238 611 4309 enim
638 4237 695 4308 vis
721 4236 915 4332 gravitatis
943 4236 978 4307 in
1006 4260 1133 4308 eorum
1160 4237 1423 4331 superficiebus
1449 4238 1497 4310 ad
1516 4238 1664 4334 aequali-

207 4374 322 4431 tatem
341 4358 460 4453 magis
478 4356 628 4428 accedit
682 4353 761 4426 Sed
781 4354 1025 4426 &densiores
1044 4368 1132 4425 sunt
1158 4351 1327 4448 planetae,
1343 4356 1486 4428 caeteris
1504 4355 1663 4450 paribus,

207 4476 270 4570 qui
288 4492 375 4546 sunt
392 4473 460 4546 soli
479 4472 669 4568 propiores
686 4499 693 4556 ;
724 4484 764 4541 ut
776 4470 916 4567 jupiter
936 4484 1097 4552 saturno,
1118 4468 1153 4540 81
1180 4485 1276 4541 terra
1288 4471 1387 4566 jove.
1447 4471 1491 4544 In
1510 4472 1667 4546 diversis

208 4594 336 4688 utique
371 4589 554 4662 distantiis
589 4612 612 4659 a
646 4585 726 4659 sole
764 4585 966 4659 collocandi
1008 4602 1114 4658 erant
1143 4584 1301 4681 planetae
1336 4604 1378 4660 ut
1412 4589 1566 4684 quilibet
1600 4617 1668 4687 pro

208 4708 327 4804 gradu
362 4705 556 4778 densitatis
588 4701 710 4777 calore
741 4703 828 4777 solis
860 4705 999 4801 majore
1033 4701 1092 4776 vel
1121 4703 1262 4776 minore
1292 4704 1482 4779 frueretur.
1553 4710 1668 4803 Aqua

212 4840 347 4914 nostra,
394 4823 424 4895 si
469 4838 565 4895 terra
599 4821 783 4895 locaretur
818 4820 853 4892 in
889 4820 979 4892 orbe
1014 4820 1163 4905 saturni,
1200 4820 1406 4918 rigesceret,
1442 4822 1473 4895 si
1508 4823 1544 4896 in
1580 4824 1668 4897 orbe
