<?xml version="1.0" encoding="UTF-8"?>
<!DOCTYPE html PUBLIC "-//W3C//DTD XHTML 1.0 Transitional//EN"
    "http://www.w3.org/TR/xhtml1/DTD/xhtml1-transitional.dtd">
<html xmlns="http://www.w3.org/1999/xhtml" xml:lang="en" lang="en">
 <head>
  <title>
</title>
<meta http-equiv="Content-Type" content="text/html;charset=utf-8" />
  <meta name='ocr-system' content='tesseract 3.04.00' />
  <meta name='ocr-capabilities' content='ocr_page ocr_carea ocr_par ocr_line ocrx_word'/>
</head>
<body>
  <div class='ocr_page' id='page_1' title='image "./sirisaacnewtons01newtgoog_0026.png"; bbox 0 0 4088 5768; ppageno 0'>
   <div class='ocr_carea' id='block_1_1' title="bbox 775 377 1748 451">
    <p class='ocr_par' dir='ltr' id='par_1_1' title="bbox 775 377 1748 451">
     <span class='ocr_line' id='line_1_1' title="bbox 775 377 1748 451; baseline 0.01 -12"><span class='ocrx_word' id='word_1_1' title='bbox 775 381 998 442; x_wconf 79' lang='lat' dir='ltr'><em>EDITORIS</em></span> <span class='ocrx_word' id='word_1_2' title='bbox 1014 383 1264 446; x_wconf 82' lang='lat' dir='ltr'><em>I&#39;RAEFATIO.</em></span> <span class='ocrx_word' id='word_1_3' title='bbox 1686 377 1748 451; x_wconf 84' lang='lat' dir='ltr'>xxi</span> 
     </span>
    </p>
   </div>
   <div class='ocr_carea' id='block_1_2' title="bbox 238 575 1751 4641">
    <p class='ocr_par' dir='ltr' id='par_1_2' title="bbox 289 575 1748 2072">
     <span class='ocr_line' id='line_1_2' title="bbox 291 575 1747 677; baseline -0.002 -26"><span class='ocrx_word' id='word_1_4' title='bbox 291 580 392 651; x_wconf 92' lang='lat' dir='ltr'>lento</span> <span class='ocrx_word' id='word_1_5' title='bbox 409 577 493 650; x_wconf 82' lang='lat' dir='ltr'>ferri</span> <span class='ocrx_word' id='word_1_6' title='bbox 521 577 557 648; x_wconf 91' lang='lat' dir='ltr'>in</span> <span class='ocrx_word' id='word_1_7' title='bbox 587 575 875 672; x_wconf 84' lang='lat' dir='ltr'>consequentia:</span> <span class='ocrx_word' id='word_1_8' title='bbox 916 579 1130 674; x_wconf 89' lang='lat' dir='ltr'>responderi</span> <span class='ocrx_word' id='word_1_9' title='bbox 1161 597 1294 677; x_wconf 89' lang='lat' dir='ltr'>potest,</span> <span class='ocrx_word' id='word_1_10' title='bbox 1326 580 1471 654; x_wconf 90' lang='lat' dir='ltr'>etiamsi</span> <span class='ocrx_word' id='word_1_11' title='bbox 1501 577 1747 652; x_wconf 87' lang='lat' dir='ltr'>concedamus</span> 
     </span>
     <span class='ocr_line' id='line_1_3' title="bbox 291 692 1747 794; baseline -0.001 -25"><span class='ocrx_word' id='word_1_12' title='bbox 291 697 389 768; x_wconf 92' lang='lat' dir='ltr'>hunc</span> <span class='ocrx_word' id='word_1_13' title='bbox 408 709 549 767; x_wconf 89' lang='lat' dir='ltr'>motum</span> <span class='ocrx_word' id='word_1_14' title='bbox 568 692 818 765; x_wconf 88' lang='lat' dir='ltr'>tardissimum</span> <span class='ocrx_word' id='word_1_15' title='bbox 836 693 971 767; x_wconf 89' lang='lat' dir='ltr'>exinde</span> <span class='ocrx_word' id='word_1_16' title='bbox 988 696 1194 791; x_wconf 81' lang='lat' dir='ltr'>profectum</span> <span class='ocrx_word' id='word_1_17' title='bbox 1220 725 1303 773; x_wconf 91' lang='lat' dir='ltr'>esse</span> <span class='ocrx_word' id='word_1_18' title='bbox 1330 698 1430 794; x_wconf 91' lang='lat' dir='ltr'>quod</span> <span class='ocrx_word' id='word_1_19' title='bbox 1457 697 1515 769; x_wconf 87' lang='lat' dir='ltr'>vis</span> <span class='ocrx_word' id='word_1_20' title='bbox 1534 695 1747 790; x_wconf 84' lang='lat' dir='ltr'>centripetae</span> 
     </span>
     <span class='ocr_line' id='line_1_4' title="bbox 291 806 1747 910; baseline -0.003 -25"><span class='ocrx_word' id='word_1_21' title='bbox 291 811 481 908; x_wconf 88' lang='lat' dir='ltr'>proportio</span> <span class='ocrx_word' id='word_1_22' title='bbox 515 809 661 882; x_wconf 90' lang='lat' dir='ltr'>aberret</span> <span class='ocrx_word' id='word_1_23' title='bbox 694 806 923 904; x_wconf 91' lang='lat' dir='ltr'>aliquantum</span> <span class='ocrx_word' id='word_1_24' title='bbox 954 837 977 883; x_wconf 92' lang='lat' dir='ltr'>a</span> <span class='ocrx_word' id='word_1_25' title='bbox 1007 812 1202 910; x_wconf 89' lang='lat' dir='ltr'>duplicata,</span> <span class='ocrx_word' id='word_1_26' title='bbox 1239 815 1509 888; x_wconf 85' lang='lat' dir='ltr'>aberrationem</span> <span class='ocrx_word' id='word_1_27' title='bbox 1546 809 1644 884; x_wconf 94' lang='lat' dir='ltr'>illam</span> <span class='ocrx_word' id='word_1_28' title='bbox 1679 834 1747 905; x_wconf 89' lang='lat' dir='ltr'>per</span> 
     </span>
     <span class='ocr_line' id='line_1_5' title="bbox 291 925 1744 1029; baseline -0.003 -27"><span class='ocrx_word' id='word_1_29' title='bbox 291 943 506 1023; x_wconf 89' lang='lat' dir='ltr'>computum</span> <span class='ocrx_word' id='word_1_30' title='bbox 531 925 830 998; x_wconf 86' lang='lat' dir='ltr'>mathematicum</span> <span class='ocrx_word' id='word_1_31' title='bbox 857 927 1013 1002; x_wconf 89' lang='lat' dir='ltr'>inveniri</span> <span class='ocrx_word' id='word_1_32' title='bbox 1040 957 1150 1027; x_wconf 90' lang='lat' dir='ltr'>posse</span> <span class='ocrx_word' id='word_1_33' title='bbox 1177 933 1213 1006; x_wconf 85' lang='lat'>&amp;</span> <span class='ocrx_word' id='word_1_34' title='bbox 1240 931 1349 1029; x_wconf 90' lang='lat' dir='ltr'>plane</span> <span class='ocrx_word' id='word_1_35' title='bbox 1376 926 1625 1004; x_wconf 86' lang='lat' dir='ltr'>insensibilem</span> <span class='ocrx_word' id='word_1_36' title='bbox 1652 951 1744 999; x_wconf 90' lang='lat' dir='ltr'>esse.</span> 
     </span>
     <span class='ocr_line' id='line_1_6' title="bbox 295 1042 1745 1145; baseline -0.001 -28"><span class='ocrx_word' id='word_1_37' title='bbox 295 1046 382 1141; x_wconf 92' lang='lat' dir='ltr'>lpsa</span> <span class='ocrx_word' id='word_1_38' title='bbox 400 1044 498 1116; x_wconf 91' lang='lat' dir='ltr'>enim</span> <span class='ocrx_word' id='word_1_39' title='bbox 517 1042 610 1115; x_wconf 90' lang='lat' dir='ltr'>ratio</span> <span class='ocrx_word' id='word_1_40' title='bbox 627 1042 685 1114; x_wconf 90' lang='lat' dir='ltr'>vis</span> <span class='ocrx_word' id='word_1_41' title='bbox 712 1044 924 1139; x_wconf 83' lang='lat' dir='ltr'>centripetae</span> <span class='ocrx_word' id='word_1_42' title='bbox 951 1044 1098 1134; x_wconf 91' lang='lat' dir='ltr'>lunaris,</span> <span class='ocrx_word' id='word_1_43' title='bbox 1118 1075 1202 1145; x_wconf 86' lang='lat' dir='ltr'>quae</span> <span class='ocrx_word' id='word_1_44' title='bbox 1228 1050 1393 1123; x_wconf 91' lang='lat' dir='ltr'>omnium</span> <span class='ocrx_word' id='word_1_45' title='bbox 1420 1047 1581 1119; x_wconf 90' lang='lat' dir='ltr'>maxime</span> <span class='ocrx_word' id='word_1_46' title='bbox 1608 1045 1745 1117; x_wconf 90' lang='lat' dir='ltr'>turbari</span> 
     </span>
     <span class='ocr_line' id='line_1_7' title="bbox 290 1157 1746 1259; baseline -0.001 -25"><span class='ocrx_word' id='word_1_47' title='bbox 290 1161 412 1246; x_wconf 87' lang='lat' dir='ltr'>debet,</span> <span class='ocrx_word' id='word_1_48' title='bbox 426 1158 614 1256; x_wconf 91' lang='lat' dir='ltr'>paululum</span> <span class='ocrx_word' id='word_1_49' title='bbox 632 1157 783 1254; x_wconf 90' lang='lat' dir='ltr'>quidem</span> <span class='ocrx_word' id='word_1_50' title='bbox 801 1159 1024 1255; x_wconf 89' lang='lat' dir='ltr'>duplicatam</span> <span class='ocrx_word' id='word_1_51' title='bbox 1042 1166 1246 1259; x_wconf 86' lang='lat' dir='ltr'>superabit;</span> <span class='ocrx_word' id='word_1_52' title='bbox 1265 1165 1312 1237; x_wconf 88' lang='lat' dir='ltr'>ad</span> <span class='ocrx_word' id='word_1_53' title='bbox 1331 1165 1426 1237; x_wconf 90' lang='lat' dir='ltr'>hanc</span> <span class='ocrx_word' id='word_1_54' title='bbox 1443 1189 1534 1237; x_wconf 89' lang='lat' dir='ltr'>vero</span> <span class='ocrx_word' id='word_1_55' title='bbox 1552 1162 1746 1259; x_wconf 85' lang='lat' dir='ltr'>sexaginta</span> 
     </span>
     <span class='ocr_line' id='line_1_8' title="bbox 289 1275 1748 1376; baseline -0.001 -25"><span class='ocrx_word' id='word_1_56' title='bbox 289 1278 368 1351; x_wconf 84' lang='lat' dir='ltr'>sere</span> <span class='ocrx_word' id='word_1_57' title='bbox 386 1277 528 1348; x_wconf 87' lang='lat' dir='ltr'>vicibus</span> <span class='ocrx_word' id='word_1_58' title='bbox 554 1275 705 1370; x_wconf 91' lang='lat' dir='ltr'>propius</span> <span class='ocrx_word' id='word_1_59' title='bbox 731 1276 882 1348; x_wconf 86' lang='lat' dir='ltr'>accedet</span> <span class='ocrx_word' id='word_1_60' title='bbox 908 1303 1019 1372; x_wconf 90' lang='lat' dir='ltr'>quam</span> <span class='ocrx_word' id='word_1_61' title='bbox 1046 1280 1094 1351; x_wconf 91' lang='lat' dir='ltr'>ad</span> <span class='ocrx_word' id='word_1_62' title='bbox 1125 1280 1354 1376; x_wconf 89' lang='lat' dir='ltr'>triplicatam.</span> <span class='ocrx_word' id='word_1_63' title='bbox 1421 1280 1498 1352; x_wconf 89' lang='lat' dir='ltr'>Sed</span> <span class='ocrx_word' id='word_1_64' title='bbox 1529 1279 1652 1352; x_wconf 88' lang='lat' dir='ltr'>verior</span> <span class='ocrx_word' id='word_1_65' title='bbox 1679 1279 1748 1351; x_wconf 87' lang='lat' dir='ltr'>erit</span> 
     </span>
     <span class='ocr_line' id='line_1_9' title="bbox 291 1387 1746 1494; baseline -0.001 -26"><span class='ocrx_word' id='word_1_66' title='bbox 291 1395 493 1490; x_wconf 90' lang='lat' dir='ltr'>responsio,</span> <span class='ocrx_word' id='word_1_67' title='bbox 512 1392 543 1464; x_wconf 91' lang='lat' dir='ltr'>si</span> <span class='ocrx_word' id='word_1_68' title='bbox 564 1391 729 1463; x_wconf 90' lang='lat' dir='ltr'>dicamus</span> <span class='ocrx_word' id='word_1_69' title='bbox 751 1389 846 1464; x_wconf 89' lang='lat' dir='ltr'>hanc</span> <span class='ocrx_word' id='word_1_70' title='bbox 871 1394 1042 1488; x_wconf 92' lang='lat' dir='ltr'>apsidum</span> <span class='ocrx_word' id='word_1_71' title='bbox 1068 1399 1377 1494; x_wconf 85' lang='lat' dir='ltr'>progressionem,</span> <span class='ocrx_word' id='word_1_72' title='bbox 1397 1387 1470 1471; x_wconf 93' lang='lat' dir='ltr'>non</span> <span class='ocrx_word' id='word_1_73' title='bbox 1499 1421 1547 1469; x_wconf 92' lang='lat' dir='ltr'>ex</span> <span class='ocrx_word' id='word_1_74' title='bbox 1572 1396 1746 1468; x_wconf 89' lang='lat' dir='ltr'>aberrati-</span> 
     </span>
     <span class='ocr_line' id='line_1_10' title="bbox 290 1507 1744 1608; baseline -0.002 -23"><span class='ocrx_word' id='word_1_75' title='bbox 290 1536 363 1585; x_wconf 88' lang='lat' dir='ltr'>one</span> <span class='ocrx_word' id='word_1_76' title='bbox 381 1537 404 1584; x_wconf 92' lang='lat' dir='ltr'>a</span> <span class='ocrx_word' id='word_1_77' title='bbox 421 1508 607 1605; x_wconf 87' lang='lat' dir='ltr'>duplicata</span> <span class='ocrx_word' id='word_1_78' title='bbox 632 1507 878 1602; x_wconf 90' lang='lat' dir='ltr'>proportione,</span> <span class='ocrx_word' id='word_1_79' title='bbox 898 1509 965 1581; x_wconf 91' lang='lat' dir='ltr'>sed</span> <span class='ocrx_word' id='word_1_80' title='bbox 995 1536 1042 1583; x_wconf 91' lang='lat' dir='ltr'>ex</span> <span class='ocrx_word' id='word_1_81' title='bbox 1068 1510 1139 1584; x_wconf 85' lang='lat' dir='ltr'>alia</span> <span class='ocrx_word' id='word_1_82' title='bbox 1165 1539 1314 1608; x_wconf 89' lang='lat' dir='ltr'>prorsus</span> <span class='ocrx_word' id='word_1_83' title='bbox 1341 1514 1489 1586; x_wconf 91' lang='lat' dir='ltr'>diversa</span> <span class='ocrx_word' id='word_1_84' title='bbox 1515 1538 1625 1585; x_wconf 90' lang='lat' dir='ltr'>causa</span> <span class='ocrx_word' id='word_1_85' title='bbox 1648 1510 1744 1596; x_wconf 90' lang='lat' dir='ltr'>oriri,</span> 
     </span>
     <span class='ocr_line' id='line_1_11' title="bbox 290 1624 1746 1725; baseline -0.001 -24"><span class='ocrx_word' id='word_1_86' title='bbox 290 1626 606 1725; x_wconf 91' lang='lat' dir='ltr'>quemadmodum</span> <span class='ocrx_word' id='word_1_87' title='bbox 634 1624 783 1722; x_wconf 85' lang='lat' dir='ltr'>egregie</span> <span class='ocrx_word' id='word_1_88' title='bbox 809 1640 1119 1699; x_wconf 90' lang='lat' dir='ltr'>commonstratur</span> <span class='ocrx_word' id='word_1_89' title='bbox 1149 1629 1185 1700; x_wconf 92' lang='lat' dir='ltr'>in</span> <span class='ocrx_word' id='word_1_90' title='bbox 1217 1628 1285 1702; x_wconf 89' lang='lat' dir='ltr'>hac</span> <span class='ocrx_word' id='word_1_91' title='bbox 1313 1629 1555 1725; x_wconf 90' lang='lat' dir='ltr'>philosophia.</span> <span class='ocrx_word' id='word_1_92' title='bbox 1613 1629 1746 1700; x_wconf 91' lang='lat' dir='ltr'>Restat</span> 
     </span>
     <span class='ocr_line' id='line_1_12' title="bbox 291 1741 1746 1844; baseline -0.003 -25"><span class='ocrx_word' id='word_1_93' title='bbox 291 1771 383 1844; x_wconf 88' lang='lat' dir='ltr'>ergo</span> <span class='ocrx_word' id='word_1_94' title='bbox 417 1761 458 1817; x_wconf 94' lang='lat' dir='ltr'>ut</span> <span class='ocrx_word' id='word_1_95' title='bbox 490 1745 589 1817; x_wconf 88' lang='lat' dir='ltr'>vires</span> <span class='ocrx_word' id='word_1_96' title='bbox 625 1743 848 1837; x_wconf 85' lang='lat' dir='ltr'>centripetae,</span> <span class='ocrx_word' id='word_1_97' title='bbox 881 1741 1014 1836; x_wconf 89' lang='lat' dir='ltr'>quibus</span> <span class='ocrx_word' id='word_1_98' title='bbox 1045 1741 1204 1838; x_wconf 84' lang='lat' dir='ltr'>planetae</span> <span class='ocrx_word' id='word_1_99' title='bbox 1235 1748 1397 1842; x_wconf 89' lang='lat' dir='ltr'>primarii</span> <span class='ocrx_word' id='word_1_100' title='bbox 1428 1747 1587 1820; x_wconf 87' lang='lat' dir='ltr'>tendunt</span> <span class='ocrx_word' id='word_1_101' title='bbox 1616 1770 1746 1817; x_wconf 89' lang='lat' dir='ltr'>versus</span> 
     </span>
     <span class='ocr_line' id='line_1_13' title="bbox 290 1858 1747 1959; baseline -0.002 -24"><span class='ocrx_word' id='word_1_102' title='bbox 290 1861 409 1936; x_wconf 88' lang='lat' dir='ltr'>solem</span> <span class='ocrx_word' id='word_1_103' title='bbox 428 1859 686 1933; x_wconf 85' lang='lat' dir='ltr'>&amp;secundarii</span> <span class='ocrx_word' id='word_1_104' title='bbox 711 1883 841 1931; x_wconf 87' lang='lat' dir='ltr'>versus</span> <span class='ocrx_word' id='word_1_105' title='bbox 867 1858 1059 1952; x_wconf 91' lang='lat' dir='ltr'>primarios</span> <span class='ocrx_word' id='word_1_106' title='bbox 1085 1887 1181 1947; x_wconf 88' lang='lat' dir='ltr'>suos,</span> <span class='ocrx_word' id='word_1_107' title='bbox 1202 1863 1276 1935; x_wconf 89' lang='lat' dir='ltr'>sint</span> <span class='ocrx_word' id='word_1_108' title='bbox 1301 1878 1471 1936; x_wconf 91' lang='lat' dir='ltr'>accurate</span> <span class='ocrx_word' id='word_1_109' title='bbox 1498 1878 1539 1936; x_wconf 94' lang='lat' dir='ltr'>ut</span> <span class='ocrx_word' id='word_1_110' title='bbox 1566 1861 1747 1959; x_wconf 90' lang='lat' dir='ltr'>quadrata</span> 
     </span>
     <span class='ocr_line' id='line_1_14' title="bbox 291 1977 761 2072; baseline -0.013 -19"><span class='ocrx_word' id='word_1_111' title='bbox 291 1979 549 2053; x_wconf 90' lang='lat' dir='ltr'>distantiarum</span> <span class='ocrx_word' id='word_1_112' title='bbox 568 1977 761 2072; x_wconf 90' lang='lat' dir='ltr'>reciproce.</span> 
     </span>
    </p>

    <p class='ocr_par' dir='ltr' id='par_1_3' title="bbox 238 2093 1746 3357">
     <span class='ocr_line' id='line_1_15' title="bbox 361 2093 1745 2192; baseline -0.001 -24"><span class='ocrx_word' id='word_1_113' title='bbox 361 2096 424 2168; x_wconf 90' lang='lat' dir='ltr'>Ex</span> <span class='ocrx_word' id='word_1_114' title='bbox 451 2096 494 2168; x_wconf 90' lang='lat' dir='ltr'>iis</span> <span class='ocrx_word' id='word_1_115' title='bbox 521 2093 809 2191; x_wconf 87' lang='lat' dir='ltr'>quaehactenus</span> <span class='ocrx_word' id='word_1_116' title='bbox 835 2093 1046 2166; x_wconf 90' lang='lat' dir='ltr'>dictasunt</span> <span class='ocrx_word' id='word_1_117' title='bbox 1081 2112 1225 2170; x_wconf 90' lang='lat' dir='ltr'>constat</span> <span class='ocrx_word' id='word_1_118' title='bbox 1251 2096 1418 2192; x_wconf 89' lang='lat' dir='ltr'>planetas</span> <span class='ocrx_word' id='word_1_119' title='bbox 1444 2098 1480 2169; x_wconf 91' lang='lat' dir='ltr'>in</span> <span class='ocrx_word' id='word_1_120' title='bbox 1514 2097 1642 2171; x_wconf 91' lang='lat' dir='ltr'>orbitis</span> <span class='ocrx_word' id='word_1_121' title='bbox 1669 2095 1745 2167; x_wconf 93' lang='lat' dir='ltr'>suis</span> 
     </span>
     <span class='ocr_line' id='line_1_16' title="bbox 292 2208 1744 2311; baseline -0.001 -26"><span class='ocrx_word' id='word_1_122' title='bbox 292 2213 440 2285; x_wconf 92' lang='lat' dir='ltr'>retineri</span> <span class='ocrx_word' id='word_1_123' title='bbox 468 2238 534 2309; x_wconf 94' lang='lat' dir='ltr'>per</span> <span class='ocrx_word' id='word_1_124' title='bbox 561 2212 637 2284; x_wconf 89' lang='lat' dir='ltr'>vim</span> <span class='ocrx_word' id='word_1_125' title='bbox 664 2208 825 2305; x_wconf 90' lang='lat' dir='ltr'>aliquam</span> <span class='ocrx_word' id='word_1_126' title='bbox 853 2211 889 2282; x_wconf 93' lang='lat' dir='ltr'>in</span> <span class='ocrx_word' id='word_1_127' title='bbox 919 2211 1019 2306; x_wconf 93' lang='lat' dir='ltr'>ipsos</span> <span class='ocrx_word' id='word_1_128' title='bbox 1047 2229 1228 2307; x_wconf 89' lang='lat' dir='ltr'>perpetuo</span> <span class='ocrx_word' id='word_1_129' title='bbox 1258 2231 1456 2311; x_wconf 89' lang='lat' dir='ltr'>agentem:</span> <span class='ocrx_word' id='word_1_130' title='bbox 1497 2229 1641 2287; x_wconf 92' lang='lat' dir='ltr'>constat</span> <span class='ocrx_word' id='word_1_131' title='bbox 1667 2213 1744 2284; x_wconf 88' lang='lat' dir='ltr'>vim</span> 
     </span>
     <span class='ocr_line' id='line_1_17' title="bbox 292 2327 1745 2428; baseline -0.001 -27"><span class='ocrx_word' id='word_1_132' title='bbox 292 2327 391 2401; x_wconf 92' lang='lat' dir='ltr'>illam</span> <span class='ocrx_word' id='word_1_133' title='bbox 410 2328 518 2426; x_wconf 89' lang='lat' dir='ltr'>dirigi</span> <span class='ocrx_word' id='word_1_134' title='bbox 536 2352 684 2422; x_wconf 90' lang='lat' dir='ltr'>semper</span> <span class='ocrx_word' id='word_1_135' title='bbox 700 2351 830 2399; x_wconf 87' lang='lat' dir='ltr'>versus</span> <span class='ocrx_word' id='word_1_136' title='bbox 848 2327 1049 2400; x_wconf 89' lang='lat' dir='ltr'>orbitarum</span> <span class='ocrx_word' id='word_1_137' title='bbox 1067 2343 1216 2401; x_wconf 91' lang='lat' dir='ltr'>centra:</span> <span class='ocrx_word' id='word_1_138' title='bbox 1244 2346 1390 2403; x_wconf 89' lang='lat' dir='ltr'>constat</span> <span class='ocrx_word' id='word_1_139' title='bbox 1415 2331 1524 2428; x_wconf 90' lang='lat' dir='ltr'>hujus</span> <span class='ocrx_word' id='word_1_140' title='bbox 1545 2330 1745 2403; x_wconf 85' lang='lat' dir='ltr'>efficaciam</span> 
     </span>
     <span class='ocr_line' id='line_1_18' title="bbox 291 2443 1746 2543; baseline -0.003 -24"><span class='ocrx_word' id='word_1_141' title='bbox 291 2446 419 2543; x_wconf 90' lang='lat' dir='ltr'>augeri</span> <span class='ocrx_word' id='word_1_142' title='bbox 439 2446 475 2518; x_wconf 92' lang='lat' dir='ltr'>in</span> <span class='ocrx_word' id='word_1_143' title='bbox 493 2470 642 2519; x_wconf 90' lang='lat' dir='ltr'>accessu</span> <span class='ocrx_word' id='word_1_144' title='bbox 660 2443 708 2515; x_wconf 89' lang='lat' dir='ltr'>ad</span> <span class='ocrx_word' id='word_1_145' title='bbox 727 2460 902 2529; x_wconf 88' lang='lat' dir='ltr'>centrum,</span> <span class='ocrx_word' id='word_1_146' title='bbox 922 2445 1076 2516; x_wconf 91' lang='lat' dir='ltr'>diminui</span> <span class='ocrx_word' id='word_1_147' title='bbox 1096 2445 1132 2516; x_wconf 96' lang='lat' dir='ltr'>in</span> <span class='ocrx_word' id='word_1_148' title='bbox 1152 2471 1296 2518; x_wconf 91' lang='lat' dir='ltr'>recessu</span> <span class='ocrx_word' id='word_1_149' title='bbox 1315 2448 1363 2518; x_wconf 90' lang='lat' dir='ltr'>ab</span> <span class='ocrx_word' id='word_1_150' title='bbox 1381 2447 1538 2520; x_wconf 92' lang='lat' dir='ltr'>eodem:</span> <span class='ocrx_word' id='word_1_151' title='bbox 1566 2445 1602 2518; x_wconf 85' lang='lat'>&amp;</span> <span class='ocrx_word' id='word_1_152' title='bbox 1620 2445 1746 2541; x_wconf 88' lang='lat' dir='ltr'>augeri</span> 
     </span>
     <span class='ocr_line' id='line_1_19' title="bbox 292 2560 1746 2660; baseline -0.003 -24"><span class='ocrx_word' id='word_1_153' title='bbox 292 2563 445 2660; x_wconf 90' lang='lat' dir='ltr'>quidem</span> <span class='ocrx_word' id='word_1_154' title='bbox 464 2563 500 2635; x_wconf 88' lang='lat' dir='ltr'>in</span> <span class='ocrx_word' id='word_1_155' title='bbox 527 2562 658 2636; x_wconf 90' lang='lat' dir='ltr'>eadem</span> <span class='ocrx_word' id='word_1_156' title='bbox 689 2561 926 2655; x_wconf 90' lang='lat' dir='ltr'>proportione</span> <span class='ocrx_word' id='word_1_157' title='bbox 955 2585 1028 2656; x_wconf 91' lang='lat' dir='ltr'>qua</span> <span class='ocrx_word' id='word_1_158' title='bbox 1056 2560 1271 2634; x_wconf 90' lang='lat' dir='ltr'>diminuitur</span> <span class='ocrx_word' id='word_1_159' title='bbox 1301 2563 1522 2658; x_wconf 87' lang='lat' dir='ltr'>quadratum</span> <span class='ocrx_word' id='word_1_160' title='bbox 1551 2561 1746 2645; x_wconf 87' lang='lat' dir='ltr'>distantiae,</span> 
     </span>
     <span class='ocr_line' id='line_1_20' title="bbox 238 2677 1744 2776; baseline -0.003 -23"><span class='ocrx_word' id='word_1_161' title='bbox 238 2714 242 2720; x_wconf 96' lang='lat'>·</span> <span class='ocrx_word' id='word_1_162' title='bbox 291 2680 448 2753; x_wconf 92' lang='lat' dir='ltr'>diminui</span> <span class='ocrx_word' id='word_1_163' title='bbox 484 2680 520 2751; x_wconf 92' lang='lat' dir='ltr'>in</span> <span class='ocrx_word' id='word_1_164' title='bbox 556 2677 687 2751; x_wconf 92' lang='lat' dir='ltr'>eadem</span> <span class='ocrx_word' id='word_1_165' title='bbox 723 2677 959 2773; x_wconf 89' lang='lat' dir='ltr'>proportione</span> <span class='ocrx_word' id='word_1_166' title='bbox 995 2702 1068 2773; x_wconf 94' lang='lat' dir='ltr'>qua</span> <span class='ocrx_word' id='word_1_167' title='bbox 1103 2677 1288 2752; x_wconf 88' lang='lat' dir='ltr'>distantiae</span> <span class='ocrx_word' id='word_1_168' title='bbox 1323 2680 1544 2776; x_wconf 91' lang='lat' dir='ltr'>quadratum</span> <span class='ocrx_word' id='word_1_169' title='bbox 1579 2694 1744 2776; x_wconf 86' lang='lat' dir='ltr'>augetur.</span> 
     </span>
     <span class='ocr_line' id='line_1_21' title="bbox 293 2793 1745 2892; baseline -0.002 -23"><span class='ocrx_word' id='word_1_170' title='bbox 293 2796 499 2870; x_wconf 91' lang='lat' dir='ltr'>Videamus</span> <span class='ocrx_word' id='word_1_171' title='bbox 521 2796 610 2892; x_wconf 88' lang='lat' dir='ltr'>jam,</span> <span class='ocrx_word' id='word_1_172' title='bbox 630 2794 905 2890; x_wconf 88' lang='lat' dir='ltr'>comparatione</span> <span class='ocrx_word' id='word_1_173' title='bbox 932 2793 1098 2865; x_wconf 87' lang='lat' dir='ltr'>instituta</span> <span class='ocrx_word' id='word_1_174' title='bbox 1119 2794 1214 2867; x_wconf 92' lang='lat' dir='ltr'>inter</span> <span class='ocrx_word' id='word_1_175' title='bbox 1239 2794 1471 2891; x_wconf 90' lang='lat' dir='ltr'>planetarum</span> <span class='ocrx_word' id='word_1_176' title='bbox 1497 2796 1596 2868; x_wconf 89' lang='lat' dir='ltr'>vires</span> <span class='ocrx_word' id='word_1_177' title='bbox 1614 2795 1745 2868; x_wconf 92' lang='lat' dir='ltr'>centri-</span> 
     </span>
     <span class='ocr_line' id='line_1_22' title="bbox 292 2909 1745 3011; baseline -0.003 -24"><span class='ocrx_word' id='word_1_178' title='bbox 292 2929 400 3011; x_wconf 87' lang='lat' dir='ltr'>petas</span> <span class='ocrx_word' id='word_1_179' title='bbox 419 2912 455 2985; x_wconf 86' lang='lat'>&amp;</span> <span class='ocrx_word' id='word_1_180' title='bbox 472 2912 549 2984; x_wconf 89' lang='lat' dir='ltr'>vim</span> <span class='ocrx_word' id='word_1_181' title='bbox 565 2909 768 3008; x_wconf 75' lang='lat' dir='ltr'>gravitatis</span> <span class='ocrx_word' id='word_1_182' title='bbox 788 2934 911 2982; x_wconf 85' lang='lat' dir='ltr'>annon</span> <span class='ocrx_word' id='word_1_183' title='bbox 930 2909 1097 3007; x_wconf 89' lang='lat' dir='ltr'>ejusdem</span> <span class='ocrx_word' id='word_1_184' title='bbox 1120 2910 1214 2984; x_wconf 83' lang='lat' dir='ltr'>forte</span> <span class='ocrx_word' id='word_1_185' title='bbox 1240 2913 1315 2984; x_wconf 87' lang='lat' dir='ltr'>sint</span> <span class='ocrx_word' id='word_1_186' title='bbox 1339 2913 1496 3009; x_wconf 88' lang='lat' dir='ltr'>generis.</span> <span class='ocrx_word' id='word_1_187' title='bbox 1563 2911 1745 3009; x_wconf 89' lang='lat' dir='ltr'>Ejusdem</span> 
     </span>
     <span class='ocr_line' id='line_1_23' title="bbox 291 3013 1745 3126; baseline -0.004 -22"><span class='ocrx_word' id='word_1_188' title='bbox 291 3056 384 3104; x_wconf 90' lang='lat' dir='ltr'>vero</span> <span class='ocrx_word' id='word_1_189' title='bbox 413 3013 561 3126; x_wconf 87' lang='lat' dir='ltr'>generis</span> <span class='ocrx_word' id='word_1_190' title='bbox 591 3041 708 3111; x_wconf 86' lang='lat' dir='ltr'>erunt,</span> <span class='ocrx_word' id='word_1_191' title='bbox 739 3025 770 3097; x_wconf 93' lang='lat' dir='ltr'>si</span> <span class='ocrx_word' id='word_1_192' title='bbox 802 3025 1129 3121; x_wconf 87' lang='lat' dir='ltr'>deprehendantur</span> <span class='ocrx_word' id='word_1_193' title='bbox 1159 3026 1244 3100; x_wconf 94' lang='lat' dir='ltr'>hinc</span> <span class='ocrx_word' id='word_1_194' title='bbox 1274 3028 1310 3101; x_wconf 85' lang='lat'>&amp;</span> <span class='ocrx_word' id='word_1_195' title='bbox 1342 3028 1427 3101; x_wconf 92' lang='lat' dir='ltr'>inde</span> <span class='ocrx_word' id='word_1_196' title='bbox 1457 3027 1560 3126; x_wconf 90' lang='lat' dir='ltr'>leges</span> <span class='ocrx_word' id='word_1_197' title='bbox 1591 3026 1745 3115; x_wconf 84' lang='lat' dir='ltr'>eaedem,</span> 
     </span>
     <span class='ocr_line' id='line_1_24' title="bbox 291 3141 1745 3241; baseline -0.004 -19"><span class='ocrx_word' id='word_1_198' title='bbox 291 3148 511 3241; x_wconf 84' lang='lat' dir='ltr'>eaedemque</span> <span class='ocrx_word' id='word_1_199' title='bbox 531 3144 754 3217; x_wconf 85' lang='lat' dir='ltr'>affectiones.</span> <span class='ocrx_word' id='word_1_200' title='bbox 812 3142 936 3216; x_wconf 93' lang='lat' dir='ltr'>Primo</span> <span class='ocrx_word' id='word_1_201' title='bbox 963 3143 1087 3239; x_wconf 90' lang='lat' dir='ltr'>itaque</span> <span class='ocrx_word' id='word_1_202' title='bbox 1113 3141 1220 3228; x_wconf 86' lang='lat' dir='ltr'>lunae,</span> <span class='ocrx_word' id='word_1_203' title='bbox 1240 3169 1325 3239; x_wconf 81' lang='lat' dir='ltr'>quae</span> <span class='ocrx_word' id='word_1_204' title='bbox 1351 3145 1457 3218; x_wconf 89' lang='lat' dir='ltr'>nobis</span> <span class='ocrx_word' id='word_1_205' title='bbox 1484 3145 1653 3240; x_wconf 87' lang='lat' dir='ltr'>proxima</span> <span class='ocrx_word' id='word_1_206' title='bbox 1678 3160 1745 3228; x_wconf 91' lang='lat' dir='ltr'>est,</span> 
     </span>
     <span class='ocr_line' id='line_1_25' title="bbox 292 3257 914 3357; baseline -0.01 -19"><span class='ocrx_word' id='word_1_207' title='bbox 292 3264 370 3338; x_wconf 92' lang='lat' dir='ltr'>vim</span> <span class='ocrx_word' id='word_1_208' title='bbox 389 3262 631 3357; x_wconf 89' lang='lat' dir='ltr'>centripetam</span> <span class='ocrx_word' id='word_1_209' title='bbox 650 3257 914 3354; x_wconf 78' lang='lat' dir='ltr'>expendamus,</span> 
     </span>
    </p>

    <p class='ocr_par' dir='ltr' id='par_1_4' title="bbox 293 3374 1751 4641">
     <span class='ocr_line' id='line_1_26' title="bbox 361 3374 1749 3479; baseline -0.004 -24"><span class='ocrx_word' id='word_1_210' title='bbox 361 3382 492 3479; x_wconf 88' lang='lat' dir='ltr'>Spatia</span> <span class='ocrx_word' id='word_1_211' title='bbox 510 3377 704 3463; x_wconf 89' lang='lat' dir='ltr'>rectilinea,</span> <span class='ocrx_word' id='word_1_212' title='bbox 724 3403 808 3473; x_wconf 86' lang='lat' dir='ltr'>quae</span> <span class='ocrx_word' id='word_1_213' title='bbox 825 3401 848 3448; x_wconf 91' lang='lat' dir='ltr'>a</span> <span class='ocrx_word' id='word_1_214' title='bbox 865 3374 1078 3470; x_wconf 91' lang='lat' dir='ltr'>corporibus</span> <span class='ocrx_word' id='word_1_215' title='bbox 1097 3399 1118 3447; x_wconf 98' lang='lat' dir='ltr'>e</span> <span class='ocrx_word' id='word_1_216' title='bbox 1136 3375 1261 3469; x_wconf 88' lang='lat' dir='ltr'>quiete</span> <span class='ocrx_word' id='word_1_217' title='bbox 1287 3378 1457 3450; x_wconf 90' lang='lat' dir='ltr'>demissis</span> <span class='ocrx_word' id='word_1_218' title='bbox 1476 3378 1564 3451; x_wconf 94' lang='lat' dir='ltr'>dato</span> <span class='ocrx_word' id='word_1_219' title='bbox 1581 3394 1749 3474; x_wconf 89' lang='lat' dir='ltr'>tempore</span> 
     </span>
     <span class='ocr_line' id='line_1_27' title="bbox 293 3492 1748 3596; baseline -0.007 -21"><span class='ocrx_word' id='word_1_220' title='bbox 293 3502 364 3574; x_wconf 91' lang='lat' dir='ltr'>sub</span> <span class='ocrx_word' id='word_1_221' title='bbox 400 3501 481 3596; x_wconf 91' lang='lat' dir='ltr'>ipso</span> <span class='ocrx_word' id='word_1_222' title='bbox 515 3512 637 3571; x_wconf 93' lang='lat' dir='ltr'>motus</span> <span class='ocrx_word' id='word_1_223' title='bbox 679 3495 782 3567; x_wconf 90' lang='lat' dir='ltr'>initio</span> <span class='ocrx_word' id='word_1_224' title='bbox 822 3492 1087 3576; x_wconf 89' lang='lat' dir='ltr'>describuntur,</span> <span class='ocrx_word' id='word_1_225' title='bbox 1124 3492 1186 3563; x_wconf 92' lang='lat' dir='ltr'>ubi</span> <span class='ocrx_word' id='word_1_226' title='bbox 1222 3518 1245 3564; x_wconf 92' lang='lat' dir='ltr'>a</span> <span class='ocrx_word' id='word_1_227' title='bbox 1287 3494 1426 3566; x_wconf 91' lang='lat' dir='ltr'>viribus</span> <span class='ocrx_word' id='word_1_228' title='bbox 1467 3495 1748 3589; x_wconf 90' lang='lat' dir='ltr'>quibuscunque</span> 
     </span>
     <span class='ocr_line' id='line_1_28' title="bbox 293 3608 1750 3716; baseline -0.006 -25"><span class='ocrx_word' id='word_1_229' title='bbox 293 3631 480 3716; x_wconf 89' lang='lat' dir='ltr'>urgentur,</span> <span class='ocrx_word' id='word_1_230' title='bbox 512 3609 800 3710; x_wconf 90' lang='lat' dir='ltr'>proportionalia</span> <span class='ocrx_word' id='word_1_231' title='bbox 824 3624 912 3681; x_wconf 92' lang='lat' dir='ltr'>sunt</span> <span class='ocrx_word' id='word_1_232' title='bbox 941 3609 1030 3704; x_wconf 92' lang='lat' dir='ltr'>ipsis</span> <span class='ocrx_word' id='word_1_233' title='bbox 1058 3608 1221 3682; x_wconf 91' lang='lat' dir='ltr'>viribus:</span> <span class='ocrx_word' id='word_1_234' title='bbox 1261 3610 1331 3684; x_wconf 96' lang='lat' dir='ltr'>hoc</span> <span class='ocrx_word' id='word_1_235' title='bbox 1357 3612 1485 3708; x_wconf 91' lang='lat' dir='ltr'>utique</span> <span class='ocrx_word' id='word_1_236' title='bbox 1513 3613 1750 3707; x_wconf 90' lang='lat' dir='ltr'>consequitur</span> 
     </span>
     <span class='ocr_line' id='line_1_29' title="bbox 293 3725 1750 3823; baseline -0.006 -16"><span class='ocrx_word' id='word_1_237' title='bbox 293 3759 341 3807; x_wconf 92' lang='lat' dir='ltr'>ex</span> <span class='ocrx_word' id='word_1_238' title='bbox 358 3731 556 3806; x_wconf 90' lang='lat' dir='ltr'>ratiociniis</span> <span class='ocrx_word' id='word_1_239' title='bbox 574 3727 852 3801; x_wconf 85' lang='lat' dir='ltr'>mathematicis.</span> <span class='ocrx_word' id='word_1_240' title='bbox 908 3725 992 3797; x_wconf 88' lang='lat' dir='ltr'>Erit</span> <span class='ocrx_word' id='word_1_241' title='bbox 1010 3725 1120 3822; x_wconf 90' lang='lat' dir='ltr'>igitur</span> <span class='ocrx_word' id='word_1_242' title='bbox 1136 3726 1193 3798; x_wconf 87' lang='lat' dir='ltr'>vis</span> <span class='ocrx_word' id='word_1_243' title='bbox 1220 3729 1423 3823; x_wconf 88' lang='lat' dir='ltr'>centripeta</span> <span class='ocrx_word' id='word_1_244' title='bbox 1448 3726 1555 3813; x_wconf 85' lang='lat' dir='ltr'>lunae,</span> <span class='ocrx_word' id='word_1_245' title='bbox 1575 3728 1611 3799; x_wconf 94' lang='lat' dir='ltr'>in</span> <span class='ocrx_word' id='word_1_246' title='bbox 1630 3728 1750 3800; x_wconf 89' lang='lat' dir='ltr'>orbita</span> 
     </span>
     <span class='ocr_line' id='line_1_30' title="bbox 293 3841 1748 3941; baseline -0.008 -17"><span class='ocrx_word' id='word_1_247' title='bbox 293 3876 361 3924; x_wconf 90' lang='lat' dir='ltr'>sua</span> <span class='ocrx_word' id='word_1_248' title='bbox 389 3847 625 3935; x_wconf 67' lang='lat' dir='ltr'>revolventis</span> <span class='ocrx_word' id='word_1_249' title='bbox 654 3846 702 3917; x_wconf 93' lang='lat' dir='ltr'>ad</span> <span class='ocrx_word' id='word_1_250' title='bbox 737 3845 813 3917; x_wconf 89' lang='lat' dir='ltr'>vim</span> <span class='ocrx_word' id='word_1_251' title='bbox 847 3842 1041 3941; x_wconf 89' lang='lat' dir='ltr'>gravitatis</span> <span class='ocrx_word' id='word_1_252' title='bbox 1076 3841 1112 3913; x_wconf 92' lang='lat' dir='ltr'>in</span> <span class='ocrx_word' id='word_1_253' title='bbox 1144 3843 1337 3939; x_wconf 87' lang='lat' dir='ltr'>superficie</span> <span class='ocrx_word' id='word_1_254' title='bbox 1366 3858 1484 3927; x_wconf 84' lang='lat' dir='ltr'>terrae,</span> <span class='ocrx_word' id='word_1_255' title='bbox 1517 3858 1558 3915; x_wconf 88' lang='lat' dir='ltr'>ut</span> <span class='ocrx_word' id='word_1_256' title='bbox 1587 3843 1748 3937; x_wconf 87' lang='lat' dir='ltr'>spatium</span> 
     </span>
     <span class='ocr_line' id='line_1_31' title="bbox 295 3957 1748 4063; baseline -0.006 -25"><span class='ocrx_word' id='word_1_257' title='bbox 295 3967 396 4063; x_wconf 92' lang='lat' dir='ltr'>quod</span> <span class='ocrx_word' id='word_1_258' title='bbox 414 3981 582 4060; x_wconf 91' lang='lat' dir='ltr'>tempore</span> <span class='ocrx_word' id='word_1_259' title='bbox 600 3988 712 4059; x_wconf 91' lang='lat' dir='ltr'>quam</span> <span class='ocrx_word' id='word_1_260' title='bbox 741 3962 894 4034; x_wconf 92' lang='lat' dir='ltr'>minimo</span> <span class='ocrx_word' id='word_1_261' title='bbox 921 3959 1146 4032; x_wconf 91' lang='lat' dir='ltr'>describeret</span> <span class='ocrx_word' id='word_1_262' title='bbox 1174 3957 1262 4032; x_wconf 90' lang='lat' dir='ltr'>luna</span> <span class='ocrx_word' id='word_1_263' title='bbox 1287 3958 1550 4032; x_wconf 90' lang='lat' dir='ltr'>descendendo</span> <span class='ocrx_word' id='word_1_264' title='bbox 1576 3984 1644 4053; x_wconf 92' lang='lat' dir='ltr'>per</span> <span class='ocrx_word' id='word_1_265' title='bbox 1672 3959 1748 4030; x_wconf 89' lang='lat' dir='ltr'>vim</span> 
     </span>
     <span class='ocr_line' id='line_1_32' title="bbox 296 4074 1748 4177; baseline -0.006 -23"><span class='ocrx_word' id='word_1_266' title='bbox 296 4082 537 4177; x_wconf 88' lang='lat' dir='ltr'>centripetam</span> <span class='ocrx_word' id='word_1_267' title='bbox 556 4104 686 4151; x_wconf 87' lang='lat' dir='ltr'>versus</span> <span class='ocrx_word' id='word_1_268' title='bbox 704 4093 848 4164; x_wconf 89' lang='lat' dir='ltr'>terram,</span> <span class='ocrx_word' id='word_1_269' title='bbox 867 4077 898 4149; x_wconf 92' lang='lat' dir='ltr'>si</span> <span class='ocrx_word' id='word_1_270' title='bbox 925 4074 1089 4149; x_wconf 90' lang='lat' dir='ltr'>circulari</span> <span class='ocrx_word' id='word_1_271' title='bbox 1120 4077 1221 4149; x_wconf 92' lang='lat' dir='ltr'>omni</span> <span class='ocrx_word' id='word_1_272' title='bbox 1247 4091 1351 4147; x_wconf 90' lang='lat' dir='ltr'>motu</span> <span class='ocrx_word' id='word_1_273' title='bbox 1378 4075 1514 4171; x_wconf 88' lang='lat' dir='ltr'>privari</span> <span class='ocrx_word' id='word_1_274' title='bbox 1537 4074 1748 4172; x_wconf 86' lang='lat' dir='ltr'>fingeretur,</span> 
     </span>
     <span class='ocr_line' id='line_1_33' title="bbox 295 4191 1749 4292; baseline -0.003 -23"><span class='ocrx_word' id='word_1_275' title='bbox 295 4197 342 4269; x_wconf 88' lang='lat' dir='ltr'>ad</span> <span class='ocrx_word' id='word_1_276' title='bbox 359 4236 363 4245; x_wconf 86' lang='lat'>·</span> <span class='ocrx_word' id='word_1_277' title='bbox 378 4197 539 4292; x_wconf 89' lang='lat' dir='ltr'>spatium</span> <span class='ocrx_word' id='word_1_278' title='bbox 574 4193 674 4290; x_wconf 94' lang='lat' dir='ltr'>quod</span> <span class='ocrx_word' id='word_1_279' title='bbox 711 4193 843 4267; x_wconf 91' lang='lat' dir='ltr'>eodem</span> <span class='ocrx_word' id='word_1_280' title='bbox 878 4208 1045 4288; x_wconf 91' lang='lat' dir='ltr'>tempore</span> <span class='ocrx_word' id='word_1_281' title='bbox 1088 4218 1201 4287; x_wconf 91' lang='lat' dir='ltr'>quam</span> <span class='ocrx_word' id='word_1_282' title='bbox 1237 4193 1390 4265; x_wconf 91' lang='lat' dir='ltr'>minimo</span> <span class='ocrx_word' id='word_1_283' title='bbox 1424 4191 1600 4264; x_wconf 89' lang='lat' dir='ltr'>describit</span> <span class='ocrx_word' id='word_1_284' title='bbox 1634 4217 1749 4289; x_wconf 89' lang='lat' dir='ltr'>grave</span> 
     </span>
     <span class='ocr_line' id='line_1_34' title="bbox 296 4307 1750 4408; baseline -0.002 -23"><span class='ocrx_word' id='word_1_285' title='bbox 296 4337 429 4408; x_wconf 90' lang='lat' dir='ltr'>corpus</span> <span class='ocrx_word' id='word_1_286' title='bbox 461 4312 497 4384; x_wconf 94' lang='lat' dir='ltr'>in</span> <span class='ocrx_word' id='word_1_287' title='bbox 526 4311 660 4382; x_wconf 90' lang='lat' dir='ltr'>vicinia</span> <span class='ocrx_word' id='word_1_288' title='bbox 690 4324 808 4399; x_wconf 87' lang='lat' dir='ltr'>terrae,</span> <span class='ocrx_word' id='word_1_289' title='bbox 835 4309 1004 4404; x_wconf 90' lang='lat' dir='ltr'>pervim</span> <span class='ocrx_word' id='word_1_290' title='bbox 1030 4308 1225 4405; x_wconf 89' lang='lat' dir='ltr'>gravitatis</span> <span class='ocrx_word' id='word_1_291' title='bbox 1256 4334 1333 4381; x_wconf 85' lang='lat' dir='ltr'>suae</span> <span class='ocrx_word' id='word_1_292' title='bbox 1364 4307 1543 4381; x_wconf 91' lang='lat' dir='ltr'>cadendo.</span> <span class='ocrx_word' id='word_1_293' title='bbox 1602 4309 1750 4382; x_wconf 91' lang='lat' dir='ltr'>Horum</span> 
     </span>
     <span class='ocr_line' id='line_1_35' title="bbox 296 4424 1751 4527; baseline -0.001 -24"><span class='ocrx_word' id='word_1_294' title='bbox 296 4431 499 4527; x_wconf 86' lang='lat' dir='ltr'>spatiorum</span> <span class='ocrx_word' id='word_1_295' title='bbox 523 4428 624 4523; x_wconf 92' lang='lat' dir='ltr'>prius</span> <span class='ocrx_word' id='word_1_296' title='bbox 651 4426 793 4523; x_wconf 84' lang='lat' dir='ltr'>aequale</span> <span class='ocrx_word' id='word_1_297' title='bbox 819 4442 876 4500; x_wconf 90' lang='lat' dir='ltr'>est</span> <span class='ocrx_word' id='word_1_298' title='bbox 901 4452 1007 4499; x_wconf 90' lang='lat' dir='ltr'>arcus</span> <span class='ocrx_word' id='word_1_299' title='bbox 1031 4424 1157 4498; x_wconf 89' lang='lat' dir='ltr'>aluna</span> <span class='ocrx_word' id='word_1_300' title='bbox 1185 4452 1252 4522; x_wconf 91' lang='lat' dir='ltr'>per</span> <span class='ocrx_word' id='word_1_301' title='bbox 1275 4426 1374 4498; x_wconf 91' lang='lat' dir='ltr'>idem</span> <span class='ocrx_word' id='word_1_302' title='bbox 1402 4440 1548 4521; x_wconf 90' lang='lat' dir='ltr'>tempus</span> <span class='ocrx_word' id='word_1_303' title='bbox 1577 4427 1751 4524; x_wconf 90' lang='lat' dir='ltr'>descripti</span> 
     </span>
     <span class='ocr_line' id='line_1_36' title="bbox 297 4542 1751 4641; baseline -0.001 -20"><span class='ocrx_word' id='word_1_304' title='bbox 297 4549 391 4621; x_wconf 91' lang='lat' dir='ltr'>sinui</span> <span class='ocrx_word' id='word_1_305' title='bbox 418 4572 537 4631; x_wconf 92' lang='lat' dir='ltr'>verso,</span> <span class='ocrx_word' id='word_1_306' title='bbox 557 4545 696 4641; x_wconf 88' lang='lat' dir='ltr'>quippe</span> <span class='ocrx_word' id='word_1_307' title='bbox 722 4545 785 4640; x_wconf 91' lang='lat' dir='ltr'>qui</span> <span class='ocrx_word' id='word_1_308' title='bbox 811 4543 909 4617; x_wconf 81' lang='lat' dir='ltr'>lunae</span> <span class='ocrx_word' id='word_1_309' title='bbox 936 4542 1213 4618; x_wconf 90' lang='lat' dir='ltr'>translationem</span> <span class='ocrx_word' id='word_1_310' title='bbox 1240 4544 1288 4616; x_wconf 93' lang='lat' dir='ltr'>de</span> <span class='ocrx_word' id='word_1_311' title='bbox 1315 4558 1501 4639; x_wconf 88' lang='lat' dir='ltr'>tangente,</span> <span class='ocrx_word' id='word_1_312' title='bbox 1521 4544 1655 4618; x_wconf 88' lang='lat' dir='ltr'>saetam</span> <span class='ocrx_word' id='word_1_313' title='bbox 1673 4572 1696 4618; x_wconf 89' lang='lat' dir='ltr'>a</span> <span class='ocrx_word' id='word_1_314' title='bbox 1713 4548 1751 4619; x_wconf 87' lang='lat' dir='ltr'>vi</span> 
     </span>
    </p>
   </div>
   <div class='ocr_carea' id='block_1_3' title="bbox 298 4660 1751 4831">
    <p class='ocr_par' dir='ltr' id='par_1_5' title="bbox 298 4660 1751 4831">
     <span class='ocr_line' id='line_1_37' title="bbox 298 4660 1751 4831; baseline -0.001 -95"><span class='ocrx_word' id='word_1_315' title='bbox 298 4664 509 4758; x_wconf 88' lang='lat' dir='ltr'>centripeta,</span> <span class='ocrx_word' id='word_1_316' title='bbox 530 4661 700 4746; x_wconf 89' lang='lat' dir='ltr'>metitur;</span> <span class='ocrx_word' id='word_1_317' title='bbox 726 4676 838 4756; x_wconf 88' lang='lat' dir='ltr'>atque</span> <span class='ocrx_word' id='word_1_318' title='bbox 864 4660 959 4734; x_wconf 91' lang='lat' dir='ltr'>adeo</span> <span class='ocrx_word' id='word_1_319' title='bbox 986 4661 1189 4831; x_wconf 73' lang='lat' dir='ltr'>cqmputari</span> <span class='ocrx_word' id='word_1_320' title='bbox 1216 4675 1340 4756; x_wconf 88' lang='lat' dir='ltr'>potest</span> <span class='ocrx_word' id='word_1_321' title='bbox 1366 4686 1413 4732; x_wconf 92' lang='lat' dir='ltr'>ex</span> <span class='ocrx_word' id='word_1_322' title='bbox 1440 4660 1537 4735; x_wconf 88' lang='lat' dir='ltr'>datis</span> <span class='ocrx_word' id='word_1_323' title='bbox 1557 4678 1636 4735; x_wconf 93' lang='lat' dir='ltr'>tum</span> <span class='ocrx_word' id='word_1_324' title='bbox 1654 4661 1751 4735; x_wconf 84' lang='lat' dir='ltr'>lunae</span> 
     </span>
    </p>
   </div>
   <div class='ocr_carea' id='block_1_4' title="bbox 0 0 2052 5768">
    <p class='ocr_par' dir='ltr' id='par_1_6' title="bbox 0 0 2052 5768">
     <span class='ocr_line' id='line_1_38' title="bbox 0 0 2052 5768; baseline 0 0"><span class='ocrx_word' id='word_1_325' title='bbox 0 0 2052 5768; x_wconf 95' lang='lat' dir='ltr'> </span> 
     </span>
    </p>
   </div>
  </div>
 </body>
</html>
