4088 5768
851 363 993 422 LIBER
1014 364 1196 422 PRIMUS.

395 700 768 775 PROPOSITIO
815 700 1033 774 XLVIII.
1066 714 1069 720 '
1106 699 1464 774 THEOREMA
1520 703 1645 778 XVI.

289 898 343 972 Si
365 908 447 973 rota
466 900 572 996 globo
596 890 815 971 extrinsecus
839 897 893 970 ad
913 898 1067 994 angulos
1092 905 1202 970 reetos
1224 896 1379 985 insistat,
1401 900 1450 978 ἐν
1466 925 1565 973 more
1580 911 1751 975 rotarum

342 1033 550 1107 revolvendo
587 1032 857 1129 progrediatur
897 1031 939 1103 iu
980 1031 1116 1103 circulo
1149 1031 1335 1118 maun'ruo,·
1385 1031 1572 1129 longitudo
1605 1031 1751 1106 itineres

341 1168 545 1253 curailirni,
563 1166 663 1263 qnod
673 1175 857 1263 punctum
880 1165 1030 1263 quodvis
1055 1166 1096 1237 in
1122 1175 1212 1239 rota
1226 1165 1426 1261 pem‘metro
1450 1164 1589 1255 datum,
1616 1190 1660 1237 en
1680 1191 1751 1262 quo

333 1301 486 1398 globum
503 1300 633 1405 tetegit,
652 1299 808 1394 confecit,
830 1299 1009 1396 (quodque
1023 1299 1207 1395 aemuia
1225 1299 1283 1372 uel
1300 1297 1541 1394 epicycloedeeu
1561 1298 1753 1372 nominare

342 1433 443 1522 lieet)
469 1433 542 1505 erit
556 1432 610 1505 ad
621 1433 847 1528 duplicatum
865 1432 989 1504 sinum
1014 1458 1158 1505 versum
1174 1457 1282 1505 arcus
1297 1430 1449 1504 dimidii
1460 1431 1529 1528 qui
1542 1432 1692 1529 globum
1708 1457 1753 1504 en

341 1593 380 1640 eo
409 1576 565 1662 tempore
591 1568 691 1640 iuter
717 1565 876 1640 eundum
905 1566 1036 1662 tetegit,
1056 1576 1101 1639 ut
1123 1591 1267 1638 sumina
1291 1564 1556 1638 diametrorum
1575 1563 1680 1660 globi
1702 1565 1750 1643 ὦ*

343 1711 434 1775 rota
447 1700 502 1773 od
511 1701 818 1775 semidiametrnm
827 1699 938 1796 globi.

414 2011 787 2086 PROPOSITIO
833 2012 1004 2085 XLIX.
1077 2009 1435 2084 THEOREMA
1482 2010 1633 2085 XVII.

247 2236 252 2241 '
289 2226 342 2299 Si
381 2236 463 2300 rota
498 2227 604 2323 globo
636 2252 785 2300 concavo
826 2225 880 2298 ad
908 2235 1017 2299 rectos
1057 2226 1210 2322 angens
1251 2224 1469 2298 intrinsecus
1510 2222 1658 2298 insistat
1701 2226 1750 2304 ἐν

340 2360 550 2460 revolvendo
582 2360 852 2457 progrediatur
891 2361 933 2433 in
974 2361 1109 2433 eireulo
1151 2359 1334 2445 manium·
1376 2359 1565 2455 longitudo
1606 2359 1750 2432 itineris

341 2494 540 2567 curvilinei
564 2495 664 2591 quod
679 2504 864 2590 punctum
891 2493 1042 2592 quodvis
1066 2495 1108 2566 in
1133 2502 1223 2566 rota
1237 2492 1438 2588 perimetro
1463 2491 1603 2581 datum,
1621 2517 1665 2564 eu
1679 2517 1750 2589 quo

335 2628 487 2725 globum
517 2628 644 2725 tetigit,
680 2627 837 2722 confecit,
866 2631 938 2703 erit
965 2628 1019 2701 od
1046 2621 1274 2724 duplicatum
1307 2626 1431 2700 sinum
1465 2652 1610 2700 versum
1642 2653 1751 2702 arcus

342 2763 492 2836 dimidii
520 2764 590 2860 qni
613 2763 764 2859 globum
800 2772 870 2836 toto
903 2763 966 2836 boe
1008 2771 1163 2858 ternpore
1194 2762 1294 2833 inter
1333 2760 1492 2832 eundum
1535 2762 1663 2858 tetegit,
1707 2772 1751 2835 ut

340 2896 546 2994 differentia
562 2895 828 2969 diametrorum
839 2897 944 2993 globi
960 2899 1009 2977 ἐν
1026 2905 1115 2970 rota
1129 2896 1183 2969 ad
1194 2894 1503 2968 semidiametrum
1514 2896 1624 2992 globi.

359 3124 419 3198 Sit
446 3124 487 3196 A
500 3124 585 3195 BL
614 3120 759 3221 globus,
790 3120 824 3193 C
848 3137 1014 3194 centrum
1045 3122 1134 3219 ejuS,
1162 3122 1250 3194 BP
1269 3120 1307 3192 V
1328 3137 1408 3196 rota
1435 3124 1470 3196 ei
1498 3124 1681 3212 insistenS,
1709 3128 1752 3198 E

289 3254 459 3313 centrum
495 3254 595 3325 rotae,
630 3239 669 3310 B
712 3253 889 3335 punctum
932 3254 1132 3325 contactuS,
1169 3238 1206 3311 8ι
1238 3239 1277 3309 Ρ
1318 3253 1497 3334 punctum
1540 3240 1668 3314 datum
1712 3242 1748 3315 in

291 3356 493 3452 perimetro
524 3370 624 3428 rotae.
697 3355 862 3449 Concipe
893 3354 987 3428 hanc
1018 3355 1136 3429 rotam
1164 3379 1319 3452 pergere
1350 3355 1387 3427 in
1418 3353 1552 3429 circulo
1587 3358 1749 3432 maximo

290 3471 334 3545 A
348 3472 432 3543 BL
461 3471 508 3544 ab
526 3472 567 3544 A
597 3496 664 3567 per
687 3472 726 3543 B
752 3497 883 3545 versus
909 3473 956 3559 L,
984 3471 1021 3544 &
1048 3472 1142 3544 inter
1167 3471 1330 3544 eundum
1357 3471 1408 3545 ita
1426 3471 1567 3546 revolvi
1585 3488 1627 3546 ut
1642 3500 1748 3548 arcus

290 3587 334 3661 A
348 3588 396 3672 B,
414 3588 501 3660 PB
520 3587 590 3659 sibi
617 3587 776 3660 invicem
803 3613 951 3684 semper
976 3603 1178 3685 aequentur,
1198 3604 1311 3685 atque
1336 3605 1514 3685 punctum
1533 3588 1622 3663 illud
1647 3592 1686 3664 P
1711 3592 1748 3664 in

291 3704 493 3800 perimetro
511 3719 602 3778 rotae
620 3704 749 3777 datum
768 3703 909 3777 interea
926 3705 1133 3778 describere
1150 3705 1250 3777 viam
1268 3703 1507 3779 curvilineam
1524 3707 1565 3779 A
1579 3707 1626 3779 P.
1689 3707 1750 3780 Sit

290 3837 418 3895 autem
435 3823 476 3895 A
489 3824 527 3894 P
544 3822 606 3895 via
623 3837 702 3896 tota
727 3819 928 3894 curvilinea
943 3820 1129 3917 descripta
1146 3844 1195 3894 ex
1213 3848 1288 3918 quo
1306 3838 1385 3896 rota
1402 3821 1554 3921 globum
1572 3823 1694 3922 tetigit
1711 3824 1748 3897 in

289 3940 345 4025 A,
365 3939 402 4013 81
419 3940 489 4013 erit
506 3941 577 4013 viae
595 3940 704 4037 hujus
730 3937 923 4037 longitudo
948 3940 989 4012 A
1003 3940 1041 4013 P
1065 3939 1113 4012 ad
1140 3938 1294 4036 duplum
1320 3941 1441 4013 sinum
1466 3966 1616 4014 versum
1642 3966 1748 4013 arcus

288 4057 311 4138 I
341 4058 436 4142 PB,
465 4073 507 4130 ut
539 4058 664 4130 2CE
689 4056 737 4128 ad
769 4057 855 4131 CB.
911 4056 1012 4129 Nam
1040 4071 1139 4130 recta
1169 4058 1203 4130 C
1211 4058 1253 4128 E
1280 4057 1324 4155 (si
1351 4083 1445 4152 opus
1471 4073 1529 4130 est
1552 4058 1747 4154 producta)

289 4191 459 4250 occurrat
486 4190 576 4248 rotae
605 4175 642 4247 in
680 4173 721 4259 V,
745 4174 1023 4271 jungamurque
1053 4174 1088 4246 C
1093 4174 1252 4261 P‚BP,
1279 4174 1321 4246 E
1328 4175 1375 4259 P,
1414 4173 1452 4244 V
1455 4175 1502 4259 P,
1532 4172 1569 4245 81
1599 4173 1635 4245 in
1669 4174 1703 4246 C
1709 4174 1748 4246 P

291 4291 511 4390 productam
529 4291 745 4364 demittatur
771 4288 945 4363 normalis
981 4290 1019 4361 V
1023 4291 1066 4363 F.
1140 4289 1317 4387 Tangant
1332 4289 1438 4377 PH,
1467 4290 1560 4362 VH
1572 4288 1747 4362 circulum

290 4411 328 4483 in
347 4410 386 4482 P
412 4407 448 4481 81
474 4409 512 4480 V
532 4423 791 4482 concurrentes
818 4407 855 4480 in
881 4408 936 4493 H,
968 4422 1142 4503 secetque
1167 4407 1206 4479 P
1221 4406 1274 4479 H
1295 4406 1413 4501 ipsam
1453 4406 1491 4478 V
1501 4407 1543 4478 F
1563 4407 1599 4479 in
1638 4407 1682 4492 G,
1711 4406 1748 4479 8ι

290 4524 341 4599 ad
369 4525 407 4597 V
411 4526 449 4596 P
466 4525 707 4598 demittantur
724 4522 907 4598 normales
927 4524 1001 4610 GI,
1019 4522 1128 4596 HK.
1184 4523 1325 4596 Centro
1343 4524 1432 4597 item
1452 4525 1487 4597 C
1500 4522 1748 4599 &intervallo

292 4642 428 4740 quovis
462 4642 691 4716 describatur
725 4640 879 4714 circulus
913 4667 1019 4713 nom
1053 4666 1183 4714 secans
1217 4655 1356 4714 rectam
1393 4640 1427 4712 C
1432 4640 1471 4710 P
1512 4637 1549 4710 in
1584 4665 1619 4726 n,
1656 4655 1746 4714 rotae

293 4759 533 4855 perimetrum
562 4759 650 4832 BP
676 4759 711 4830 in
743 4784 772 4844 o,
805 4757 840 4831 &
870 4758 969 4830 viam
998 4756 1236 4849 curvilineam
1266 4756 1359 4830 AP
1385 4756 1421 4828 in
1452 4780 1513 4839 m;
1546 4770 1747 4850 centroque

1009 4880 1035 4929 K
