4110 5782
292 408 310 480 5
318 390 363 481 38
901 389 1055 447 INDEX
1074 390 1250 449 aarum

290 582 411 644 Viribus
434 583 605 663 centripetis
629 584 660 644 in
683 583 835 662 duplicata
850 583 966 644 ratione
987 584 1044 644 dis·
1181 584 1315 661 inquum‚
1331 603 1439 661 corpus
1458 581 1626 643 movebitur
1649 583 1681 643 in
1702 585 1837 665 hyperbt

368 665 526 725 tantiamm
537 665 786 738 decrescentibus,
797 685 934 741 quaenam
943 667 1043 742 figurae
1182 686 1248 737 221,
1264 667 1444 741 antepenult.

370 746 497 806 describi
532 758 664 824 possunt,
700 746 865 807 ostenditur
903 762 950 823 59,
982 766 1044 822 23:
1100 747 1216 807 Umbra
1237 745 1378 805 terrestris
1400 744 1430 803 in
1453 743 1611 820 eclipsibus
1627 745 1715 806 lunae
1732 767 1837 826 augent

372 828 436 900 163,
457 847 501 886 10.
1180 838 1225 886 est
1259 836 1379 903 propter
1413 825 1617 901 atmosphaerae
1654 829 1837 890 refractione

288 904 328 964 Vi
342 905 514 981 centripeta,
1181 909 1248 982 463,
1266 925 1291 983 5,
1308 909 1406 965 afine.

329 1004 396 1062 quae
411 985 448 1045 sit
462 985 611 1061 reciproce
626 997 658 1045 ut
671 988 764 1045 cubus
782 985 940 1045 ordinatim
954 985 1045 1063 appli-
1100 989 1256 1048 Undarum
1272 987 1302 1045 in
1316 1006 1402 1063 aquse
1413 984 1575 1062 stagnantis
1587 988 1758 1062 superficie
1769 1010 1837 1068 prop

369 1077 444 1124 eatae
459 1065 607 1125 tendentis
622 1068 661 1125 ad
675 1078 808 1125 centrum
830 1065 934 1124 virium
954 1066 1045 1124 maxi·
1180 1079 1312 1144 gatarurn
1327 1066 1469 1126 velocitas
1484 1065 1632 1125 invenitur
1648 1070 1696 1141 11,
1714 1072 1769 1142 46.

369 1164 418 1204 me
450 1145 655 1222 longinquum,
684 1165 791 1223 corpus
818 1146 985 1206 movebitur
1012 1146 1043 1205 in
1099 1147 1253 1207 Vorticum
1280 1158 1384 1206 natura
1411 1150 1439 1207 ἃ
1468 1146 1643 1207 constitutio
1670 1150 1714 1208 ad
1743 1170 1837 1211 exam

276 1268 283 1277 .
369 1226 440 1284 data
454 1226 557 1302 quatis
572 1226 639 1285 coni
654 1226 786 1285 sectione
803 1244 849 1302 51,
863 1229 888 1286 6.
1180 1240 1333 1288 revocatur
1348 1230 1390 1300 II,
1407 1238 1476 1286 sect.
1494 1230 1615 1302 9:481,
1634 1247 1672 1287 21
1692 1253 1699 1289 :
1717 1234 1793 1306 526,
1809 1253 1837 1308 3:

329 1325 396 1383 quae
418 1305 456 1365 sit
476 1317 507 1366 ut
527 1308 620 1366 cubus
640 1306 797 1366 ordinatim
811 1306 967 1382 applicatae
983 1318 1045 1366 ten·
1107 1310 1151 1369 Ut.
1196 1311 1296 1384 Hujus
1317 1309 1430 1366 voculae
1453 1307 1627 1385 significatio
1648 1312 1837 1372 mathemati

368 1385 466 1446 dentis
487 1387 526 1446 ad
547 1398 680 1447 centrum
701 1386 805 1446 uirium
821 1386 948 1447 maxime
962 1389 1044 1466 long·
1180 1388 1318 1450 definitur
1332 1408 1380 1465 34,
1400 1408 1443 1464 19.
1468 1435 1469 1439 ,

810 4748 934 4785 nutrirat>
952 4749 986 4785 ΒΥ
1006 4748 1115 4785 nouum·
1133 4749 1307 4790 MACLEHOSE.
