4110 5782
427 463 493 537 182·
894 464 962 522 na
982 463 1119 523 Moru
1137 463 1315 523 coleron
1322 463 1393 521 un

420 675 561 733 motum
591 656 711 730 fluxus
742 655 779 729 81
807 655 978 729 refluxus.
1035 656 1106 729 Par
1131 672 1189 728 est
1219 657 1312 729 ratio
1341 654 1442 754 globi
1469 656 1698 731 uniformiter
1723 684 1874 756 progre-

420 776 555 851 dientis
580 774 616 847 in
643 773 832 859 directum,
861 772 898 847 dc
925 774 1065 846 interea
1091 772 1316 848 revolventis
1343 775 1438 847 circa
1463 791 1629 848 centrum
1657 801 1764 848 suum
1794 776 1877 873 (per

420 891 545 992 legum
580 890 689 965 corol.
723 889 760 988 v)
791 890 896 963 ut&
929 888 1030 987 globi
1056 889 1109 962 de
1144 915 1250 962 cursu
1282 890 1469 964 rectilineo
1506 891 1736 965 uniformiter
1769 893 1875 965 tracti

423 1009 504 1107 (per
521 1008 646 1107 legum
665 1006 773 1081 corol.
795 1005 858 1104 vr).
913 1006 1082 1080 Accedat
1106 1022 1231 1079 autem
1249 1032 1382 1104 corpus
1401 1009 1440 1094 S,
1461 1008 1497 1081 82
1514 1009 1562 1081 ab
1581 1009 1695 1104 ipsius
1714 1010 1875 1105 inaequa-
1930 1098 1933 1103 Ι

419 1124 482 1200 bili
513 1125 730 1198 attractione
761 1149 848 1197 mox
878 1123 1085 1196 turbabitur
1109 1148 1215 1220 aqua.
1283 1124 1434 1198 Etenim
1461 1126 1579 1222 major
1608 1126 1677 1197 erit
1707 1127 1877 1199 attractio

420 1267 528 1338 aquae
546 1241 737 1338 propioris,
758 1240 877 1313 minor
894 1265 938 1312 ea
956 1241 1171 1314 remotioris,
1239 1240 1309 1313 Vis
1326 1257 1451 1314 autem
1477 1243 1512 1315 L
1529 1243 1584 1314 M
1603 1242 1724 1314 trahet
1742 1268 1877 1339 aquam

419 1358 591 1433 deorsum
621 1358 656 1430 in
676 1355 918 1453 quadraturis
945 1357 1128 1452 facietque
1155 1357 1272 1452 ipsam
1299 1356 1526 1431 descendere
1552 1384 1670 1454 usque
1696 1359 1744 1431 ad
1771 1385 1876 1455 syzy-

418 1477 513 1576 gias;
534 1475 570 1549 81
584 1475 641 1547 vis
657 1475 706 1546 K
702 1474 737 1547 L
753 1472 875 1546 trahet
891 1472 1048 1546 eandem
1067 1498 1211 1546 sursum
1227 1473 1263 1545 in
1278 1463 1448 1572 syiygiis,
1463 1475 1643 1572 sistetque
1657 1476 1877 1549 descensum

420 1595 509 1692 ejus,
530 1592 566 1666 81
583 1590 693 1664 faciet
720 1589 837 1686 ipsam
864 1591 1065 1664 ascendere
1092 1591 1283 1686 usquead
1311 1592 1581 1687 quadraturas:
1608 1593 1677 1665 nisi
1696 1609 1878 1689 quatenus

422 1724 544 1785 motus
563 1706 700 1781 fluendi
719 1706 756 1780 81
783 1706 961 1781 refluendi
990 1707 1038 1780 ab
1064 1706 1173 1781 alveo
1200 1733 1308 1804 aquae
1326 1708 1516 1806 dirigatur,
1536 1708 1572 1781 82
1590 1734 1657 1804 per
1674 1708 1879 1783 frictionem

420 1827 651 1924 aliquatenus
670 1823 884 1898 retardetur.

489 1944 607 2018 Corol.
639 1965 694 2016 20.
730 1940 771 2014 Si
802 1939 960 2014 annulus
981 1942 1060 2040 jam
1092 1941 1219 2040 rigeat,
1253 1941 1289 2015 81
1324 1942 1510 2015 minuatur
1542 1941 1686 2039 globus,
1718 1944 1879 2017 cessabit
1987 2024 1989 2027 ,

422 2075 543 2136 motus
562 2058 701 2133 fluendi
720 2058 756 2131 82
774 2057 973 2145 refluendi;
1000 2058 1066 2132 sed
1086 2056 1328 2132 oscillatorius
1355 2057 1414 2132 ille
1433 2057 1678 2132 inclinationis
1700 2075 1823 2132 motus
1842 2059 1878 2132 81

420 2176 617 2278 praecessio
644 2175 824 2251 nodorum
852 2176 1062 2250 manebunt
1136 2175 1289 2249 Habeat
1312 2175 1446 2275 globus
1472 2176 1632 2248 eundem
1659 2201 1768 2248 axem
1793 2202 1877 2248 cum

420 2293 566 2383 annulo,
584 2318 773 2394 gyrosque
799 2291 984 2390 compleat
1001 2293 1131 2367 iisdem
1159 2295 1396 2392 temporibus,
1417 2292 1454 2366 81
1479 2292 1673 2389 superficie
1699 2319 1766 2366 sua
1792 2319 1878 2367 con-

420 2416 539 2514 tingat
566 2414 686 2511 ipsum
715 2412 877 2501 interius,
905 2410 1014 2505 eique
1041 2410 1238 2498 inhaereat;
1266 2410 1584 2507 &participando
1615 2426 1757 2484 motum
1788 2411 1877 2507 ejus,

418 3708 619 3783 compages
637 3682 827 3778 utriusque
853 3679 1086 3766 oscillabitur,
1106 3680 1247 3755 &nodi
1272 3681 1535 3779 regredientur.
1609 3681 1709 3753 Nam
1727 3678 1872 3778 globus,

417 3817 459 3874 ut
477 3826 563 3875 mox
589 3801 740 3886 dicetur,
767 3799 815 3873 ad
842 3796 1095 3893 suscipiendas
1123 3799 1382 3894 impressiones
1408 3825 1539 3873 omnes
1565 3799 1778 3872 indifferens
1804 3814 1870 3870 est

420 3916 561 3991 Annuli
579 3916 692 4015 globo
709 3917 828 3991 orbati
856 3916 1038 3989 maximus
1065 3912 1309 3987 inclinationis
1336 3915 1493 4014 angulus
1511 3933 1578 4001 est,
1601 3917 1662 3988 ubi
1682 3915 1769 3988 nodi
1788 3930 1875 3987 sunt

419 4034 455 4108 in
473 4035 643 4132 syzygiis.
700 4033 793 4107 Inde
820 4033 856 4106 in
884 4057 1082 4130 progressu
1110 4031 1290 4105 nodorum
1318 4033 1366 4105 ad
1392 4033 1636 4129 quadraturas
1662 4050 1818 4107 conatur
1844 4032 1874 4103 is

419 4150 691 4225 inclinationem
720 4175 825 4223 suam
854 4151 1031 4238 minuere,
1064 4148 1199 4223 &isto
1224 4167 1357 4223 conatu
1385 4166 1526 4223 motum
1556 4150 1732 4246 imprimit
1760 4149 1875 4246 globo

418 4269 495 4344 toti.
554 4268 705 4343 Retinet
721 4267 855 4366 globus
876 4286 1018 4342 motum
1046 4268 1276 4362 impressum,
1295 4293 1414 4364 usque
1439 4267 1529 4340 dum
1555 4265 1712 4338 annulus
1738 4283 1873 4339 conatu

417 4387 601 4462 contrario
636 4401 777 4460 motum
808 4385 907 4459 hunc
941 4383 1054 4470 tollat,
1083 4384 1342 4481 imprimatque
1378 4402 1519 4459 motum
1548 4408 1687 4457 novum
1720 4383 1755 4453 in
1786 4407 1872 4454 con-

418 4504 566 4579 trariam
597 4519 767 4599 partem:
804 4503 937 4599 Atque
963 4502 1033 4576 hac
1067 4503 1208 4576 ratione
1235 4503 1418 4576 maximus
1444 4499 1690 4575 decrescentis
1726 4496 1873 4570 inclina-

417 4620 527 4694 tionis
562 4636 685 4694 motus
716 4619 757 4693 fit
791 4620 827 4692 in
863 4618 1096 4716 quadraturis
1131 4619 1322 4703 nodorum,
1355 4619 1391 4692 82
1421 4619 1594 4692 minimus
1629 4612 1873 4688 inclinationis

416 4733 573 4836 angulus
601 4737 637 4809 in
664 4737 872 4810 octantibus
903 4754 988 4834 post
1009 4737 1272 4833 quadraturas:
1299 4737 1385 4810 dein
1415 4736 1596 4807 maximus
1626 4730 1872 4804 reclinationis

422 4873 544 4931 motus
572 4857 607 4930 in
635 4855 860 4953 syzygiis&
888 4853 1070 4928 maximus
1096 4852 1253 4951 angulus
1281 4855 1317 4927 in
1343 4852 1549 4926 octantibus
1577 4849 1763 4944 proximis.
1821 4847 1873 4917 Et
