4088 5768
791 359 946 417 INDEX
969 359 1144 421 RERUM.

185 556 331 615 Sonorum
392 552 395 559 '
467 548 472 557 “

225 644 330 694 natura
344 633 505 711 explicatur
519 635 562 706 11,
578 652 625 708 43,
642 650 689 706 47,
706 635 754 705 48,
769 653 807 709 49
834 651 880 710 50.

226 714 400 793 propagatio
422 713 546 790 divergit
562 733 580 772 a
594 725 674 773 recto
690 713 806 773 tramite
821 718 889 790 361,
906 734 940 790 9:

267 797 301 855 tit
313 814 367 872 per
380 794 571 872 agitationem
586 793 661 854 aeris
676 811 744 869 372,
763 815 807 854 10.

227 875 370 936 velocitas
406 885 548 951 computo
583 874 730 951 colligitur
770 891 838 950 372,
879 892 941 949 173

266 957 418 1032 paululum
439 957 535 1031 major
549 974 613 1014 esse
629 955 718 1015 debet
733 955 836 1014 aestivo
851 975 940 1030 quam

266 1037 399 1113 hyberno
415 1047 546 1112 ternpore
561 1054 614 1111 per
629 1034 772 1095 theoriam
787 1052 855 1109 373,
873 1037 917 1093 26.

205 1131 206 1135 ’
227 1116 352 1176 cessatio
377 1118 409 1176 fit
434 1115 542 1186 statim,
564 1114 616 1174 ubi
641 1127 736 1175 cessat
760 1125 859 1173 motus
880 1134 942 1174 cor-

267 1197 347 1274 poris
361 1195 460 1256 sonori
475 1213 544 1272 374,
562 1197 607 1254 26.

227 1278 427 1354 augmentatio
461 1296 515 1353 per
541 1276 629 1335 tubos
664 1273 942 1350 stentorophonicos

263 1376 337 1448 374,
354 1378 379 1433 9·

188 1439 321 1515 Spatium

228 1519 395 1577 absolutum
411 1519 438 1574 82
453 1512 606 1574 relativum
621 1532 649 1589 p.
667 1515 695 1584 6,
713 1530 739 1586 7,
756 1517 781 1570 8.

228 1616 290 1655 non
304 1609 349 1654 est
363 1595 515 1670 aequaliter
529 1595 650 1669 plenum
666 1612 733 1665 402,
752 1611 797 1666 27.

188 1674 368 1752 Sphaeroidis
389 1673 532 1745 attractio,
548 1675 633 1747 cujus
648 1671 854 1748 particularum
868 1671 943 1733 vires

270 1766 337 1814 sunt
358 1753 506 1830 reciproce
523 1764 556 1812 ut
576 1755 720 1829 quadrata
739 1752 943 1814 distantiarum

272 1852 338 1908 2¹7,
355 1855 382 1907 4·

188 1915 317 1994 Spiralis,
347 1934 413 1991 quae
441 1926 522 1974 secat
550 1913 648 1973 radios
676 1933 745 1974 suos
779 1933 883 1974 omnes
913 1914 944 1973 in

269 1998 379 2073 angulo
407 1996 487 2066 dat0,
515 2014 575 2071 9222
609 1994 674 2071 lege
700 1994 745 2054 vis
772 1995 944 2072 centripetae

270 2076 420 2137 tendentis
448 2077 487 2135 ad
515 2086 648 2134 centrum
673 2075 786 2152 spiralis
816 2075 943 2135 describi

270 2169 370 2235 potest
391 2178 409 2216 a
433 2175 556 2233 corpore
577 2157 755 2229 revolvente,
779 2156 945 2216 ostenditur

272 2240 296 2310 Ι,
314 2259 353 2314 9:
376 2241 418 2310 ΙΙ,
439 2239 546 2314 15,16.

189 2317 327 2395 Spiritum
342 2320 492 2395 quendam
506 2335 631 2393 corpora
641 2318 851 2393 pervadentem
871 2321 898 2378 82
914 2317 944 2376 in

270 2400 442 2475 corporibus
463 2401 611 2468 latentem,
624 2398 671 2455 >ad
688 2397 813 2474 plurima
833 2408 945 2457 naturae

271 2481 469 2556 phaenomena
487 2479 638 2550 solvenda,
657 2477 765 2554 requiri
784 2477 946 2555 suggeritur

275 2576 341 2636 530,
360 2580 404 2634 23·

191 2640 345 2700 Stellarum
360 2642 483 2698 fixarum

231 2719 315 2796 quies
329 2722 546 2780 demonstratur
560 2737 629 2790 410,
646 2736 691 2791 27.

231 2799 357 2860 radiatio
381 2804 409 2861 82
431 2797 600 2860 scintillatio
621 2797 728 2874 quibus
745 2798 841 2859 causis
862 2800 946 2859 reser-

272 2881 357 2940 endae
373 2880 431 2940 sint
447 2899 514 2957 520,
530 2882 557 2938 8.

191 2961 290 3020 Stellae
304 2980 389 3020 novae
405 2963 484 3021 unde
498 2960 565 3020 oriri
579 2964 695 3039 possint
710 2978 776 3037 525,
795 2962 839 3018 28.

191 3041 368 3101 Substantia
385 3061 481 3101 rerum
502 3043 635 3103 omnium
649 3045 774 3104 occultae
789 3050 857 3100 sunt
879 3056 946 3117 530,

276 3141 321 3179 21.

577 3256 605 3314 T

194 3362 327 3436 Tempus
341 3362 508 3422 absolutum
524 3367 551 3424 82
565 3363 718 3424 relativum
733 3385 761 3441 p.
779 3366 805 3436 6,
821 3381 845 3438 7.

194 3440 351 3516 Temporis
385 3443 513 3518 aequatio
548 3443 745 3503 astronomica
779 3463 832 3520 per
863 3443 949 3501 horo-

275 3521 385 3598 logium
397 3523 606 3582 oscillatorium
617 3526 644 3583 82
654 3523 779 3599 eclipses
789 3520 948 3582 satellitum

275 3601 358 3677 Jovis
373 3604 583 3677 comprobatur
597 3606 624 3672 8,
641 3603 666 3660 8.

195 3684 345 3757 Tempora
360 3681 510 3756 periodica
524 3700 679 3756 corporum
691 3679 903 3739 revolventium
918 3678 948 3737 in

275 3760 427 3836 ellipsibus
452 3759 503 3818 ubi
525 3759 601 3820 vires
624 3759 795 3835 centripetae
822 3760 862 3818 ad
888 3778 950 3816 um·

276 3840 398 3900 bilicum
414 3840 540 3898 tendunt
558 3860 582 3910 1,
602 3856 646 3916 25.

195 3924 296 3982 Terrae

237 4000 384 4061 dimensio
408 4020 461 4077 per
482 4000 677 4059 Noratroodnm
706 4019 774 4073 412,
799 4000 871 4072 ult;
899 4018 952 4075 per

277 4083 427 4140 Picartum
443 4101 510 4157 413,
528 4097 565 4157 53
587 4101 639 4157 per
657 4081 809 4140 cassinum
824 4099 892 4154 413,
910 4095 935 4152 7.

238 4161 330 4238 figura
343 4161 498 4234 invenitur,
514 4165 541 4221 &
562 4161 715 4238 proportio
732 4160 950 4230 diametrorum,

279 4245 306 4301 82
327 4261 465 4302 mensura
484 4243 627 4319 graduum
646 4241 677 4300 in
696 4239 865 4301 meridiano⁴
890 4241 949 4312 Ill,

284 4340 328 4396 29,
346 4342 391 4379 20.

239 4400 401 4461 altitudinis
415 4402 454 4461 ad
469 4413 649 4479 aequatorem
663 4420 752 4477 supra
765 4399 952 4459 altitudinem

280 4481 319 4540 ad
334 4484 419 4558 polos
442 4494 569 4559 quantus
591 4481 627 4541 sit
649 4501 787 4542 excessus
809 4497 877 4557 415,
895 4501 952 4539 20:

281 4580 348 4634 421,
365 4564 604 4638 222209022212820

240 4641 457 4702 semidiameter
470 4641 597 4700 maxima
617 4645 645 4701 82
666 4640 789 4701 minima
809 4658 877 4718 415,
895 4661 910 4700 2
915 4658 953 4718 53

280 4720 436 4781 mediocris
451 4739 519 4799 415,
536 4742 582 4794 20,
597 4726 652 4783 820.

240 4801 346 4877 globus
367 4800 486 4861 densior
506 4813 550 4862 est
565 4822 654 4879 quam
676 4803 700 4862 si
721 4814 800 4863 totus
822 4822 859 4862 ex
875 4821 953 4878 aqua

282 4892 430 4941 constaret
444 4884 512 4954 406,
529 4902 574 4942 2ο.

1686 387 1757 461 537

1037 553 1100 614 axis
1114 554 1228 616 nutatio
1245 559 1303 628 ΙΙΙ,
1324 579 1369 617 22.

1037 645 1135 694 motus
1149 655 1264 697 annuus
1279 637 1308 696 in
1324 639 1396 699 orbe
1410 658 1518 717 magno
1536 641 1754 704 demonstratur

1079 717 1139 789 111,
1159 737 1204 788 22,
1224 738 1279 794 232
1302 735 1369 794 522,
1387 722 1433 779 28.

1039 796 1242 856 eccentricitas
1257 809 1369 874 quanta
1383 799 1420 859 sit
1434 803 1502 873 460,
1522 822 1566 862 20.

1038 876 1148 952 aphelii
1161 889 1260 938 motus
1274 891 1402 955 quantus
1416 880 1454 940 sit
1468 901 1536 956 411,
1556 904 1599 943 10.

1363 1095 1392 1150 V

999 1196 1134 1252 Vacuum
1149 1197 1244 1268 datur,
1259 1198 1306 1256 vel
1327 1197 1422 1273 spatia
1443 1198 1543 1257 omnia
1563 1197 1600 1274 (si
1621 1199 1756 1259 dicantur

1081 1294 1145 1334 esse
1173 1277 1274 1354 plena)
1303 1296 1365 1337 non
1393 1289 1462 1338 sunt
1489 1278 1633 1355 equaliter
1665 1281 1755 1357 plena

1081 1358 1149 1431 356,
1168 1377 1222 1433 19:
1243 1378 1311 1430 402,
1327 1360 1438 1434 penult

1000 1435 1152 1495 Velocitas
1180 1437 1308 1495 maxima
1337 1457 1427 1513 quam
1453 1441 1559 1515 globus
1586 1438 1618 1498 in
1654 1440 1754 1500 medio

1081 1515 1235 1652 regsistente
1255 1519 1393 1578 cadendo
1414 1531 1513 1596 potest
1533 1519 1684 1596 acquirere
1711 1523 1754 1593 ΙΙ,

1082 1614 1098 1669 3
1123 1615 1197 1664 ,002
1213 1615 1237 1654 2.

1000 1674 1182 1733 Velocitatcs
1206 1694 1362 1751 corporum
1387 1677 1417 1736 in
1439 1679 1620 1740 sectionibus
1644 1681 1756 1741 conicis

1081 1765 1227 1813 motorum
1253 1755 1303 1815 ubi
1327 1756 1403 1816 vires
1432 1760 1601 1836 centripetae
1629 1763 1668 1820 ad
1695 1782 1757 1820 um-

1081 1833 1202 1893 bilicum
1218 1835 1343 1895 tendunt
1358 1839 1382 1910 Ι,
1404 1839 1446 1895 26.

1001 1913 1127 1973 Veneris

1042 2004 1159 2071 tempus
1174 1995 1355 2072 periodicum
1372 2017 1439 2072 393,
1460 2001 1503 2056 28.

1042 2074 1183 2135 distantia
1196 2096 1215 2134 a
1229 2077 1291 2136 sole
1306 2096 1374 2152 393,
1393 2098 1437 2136 22.

1045 2155 1154 2233 aphelii
1168 2167 1266 2217 motus
1281 2176 1348 2229 422,
1368 2178 1412 2216 22.

1002 2237 1115 2298 Virium
1130 2236 1308 2314 compositio
1322 2240 1350 2297 82
1364 2237 1504 2298 resolutio
1519 2258 1547 2315 p.
1567 2257 1610 2316 25.

1002 2320 1087 2379 Vires
1102 2317 1262 2376 attractivae
1277 2336 1434 2394 corporum

1043 2397 1253 2477 sphaericorum
1274 2417 1311 2457 ex
1332 2398 1481 2475 particulis
1500 2419 1677 2476 quacunque
1691 2402 1757 2479 lege

1084 2478 1265 2538 trahentibus
1293 2478 1525 2556 compositorum
1550 2483 1758 2558 expenduntur

1085 2560 1110 2631 1,
1126 2568 1195 2617 sect.
1217 2578 1260 2616 12.

1043 2659 1105 2700 non
1123 2638 1332 2716 sphaericorum
1353 2659 1389 2699 022
1410 2638 1559 2715 particulis
1580 2660 1758 2718 quacunque

1084 2721 1150 2795 lege
1177 2717 1360 2778 trahentibus
1384 2720 1616 2797 compositorum
1651 2741 1758 2800 expen-

1085 2801 1194 2859 duntur
1209 2800 1233 2871 1,
1249 2810 1312 2858 sect
1330 2819 1373 2875 13.

1002 2880 1057 2939 Vis
1080 2878 1241 2955 centrisuga
1263 2898 1418 2955 corporum
1443 2879 1473 2939 in
1497 2894 1647 2959 aequatore
1677 2894 1759 2944 terrae

1085 2971 1196 3037 quanta
1211 2959 1248 3018 sit
1263 2979 1331 3035 423,
1346 2962 1396 3020 ult

1004 3040 1058 3100 Vis
1072 3040 1235 3118 centripeta
1249 3040 1386 3100 definitur
1399 3061 1427 3119 p.
1445 3062 1471 3119 3.

1045 3121 1193 3199 quantitas
1208 3123 1272 3198 ejus
1286 3123 1422 3182 absoluta
1436 3122 1574 3183 definitur
1586 3144 1614 3200 p.
1631 3143 1658 3196 4.

1045 3203 1193 3280 quantitas
1208 3202 1395 3262 acceleratrix
1409 3203 1547 3262 definitur
1560 3222 1587 3279 p.
1605 3222 1631 3275 4.

1046 3284 1194 3360 quantitas
1208 3282 1315 3342 motrix
1329 3281 1466 3341 definitur
1479 3301 1506 3357 p.
1525 3298 1551 3357 5.

1046 3363 1198 3440 proportio
1209 3363 1272 3435 ejus
1283 3362 1322 3419 ad
1333 3361 1392 3418 vim
1404 3359 1567 3435 quamlibet
1577 3372 1687 3433 notam,
1700 3381 1759 3438 qua

1085 3441 1199 3501 ratione
1213 3439 1380 3515 colligenda
1393 3438 1437 3510 sit,
1451 3440 1615 3499 ostenditur
1625 3457 1672 3516 45,
1693 3462 1736 3501 10.

1005 3519 1119 3579 Virium
1134 3518 1360 3594 centripetarum
1381 3517 1520 3590 inventio,
1535 3520 1586 3579 ubi
1601 3540 1708 3597 corpus
1728 3521 1759 3581 in

1086 3598 1182 3676 spatio
1196 3616 1258 3657 non
1279 3597 1440 3670 resistente,
1457 3598 1533 3658 circa
1554 3612 1687 3660 centrum
1707 3601 1759 3660 im-

1086 3678 1205 3748 mobile,
1222 3677 1251 3736 in
1266 3679 1338 3737 orbe
1357 3697 1536 3755 quocunque
1553 3680 1711 3740 revolvitur
1732 3685 1757 3756 1,

1087 3760 1123 3817 6:
1146 3760 1170 3830 I,
1186 3768 1256 3816 sect.
1274 3777 1289 3815 2
1304 3760 1332 3816 82
1348 3777 1373 3832 3.

1006 3837 1125 3898 Viribus
1137 3837 1304 3914 centripetis
1315 3837 1392 3897 datis
1406 3838 1444 3897 ad
1459 3840 1659 3917 quodcunque
1670 3861 1760 3918 punc-

1087 3929 1149 3977 tum
1165 3916 1363 3991 tendentibus,
1378 3917 1486 3994 quibus
1506 3920 1598 3996 figura
1616 3921 1728 3996 quaevis
1742 3941 1761 3981 a

1087 4016 1210 4074 corpore
1229 3998 1398 4058 revolvente
1415 3998 1542 4059 describi
1561 4011 1672 4076 potest;
1687 4001 1760 4061 dan·

1088 4088 1134 4137 tur
1160 4076 1235 4137 vires
1262 4077 1433 4155 centripctae
1460 4080 1499 4138 ad
1526 4080 1607 4139 aliud
1634 4081 1761 4157 quodvis

1088 4167 1230 4234 punctum
1246 4158 1410 4231 tendentes,
1426 4159 1534 4235 quibus
1548 4162 1653 4220 eadem
1669 4162 1761 4238 figura

1089 4238 1196 4298 eodem
1210 4250 1344 4315 tempore
1358 4238 1510 4316 periodico
1521 4240 1649 4300 describi
1662 4253 1761 4318 potest

1091 4334 1137 4394 50,
1154 4338 1181 4393 3.

1009 4396 1129 4458 Viribus
1143 4397 1313 4474 centripetis
1327 4396 1403 4457 datis
1418 4398 1525 4475 quibus
1540 4401 1631 4477 figura
1649 4400 1760 4477 quaevis

1090 4477 1264 4538 describitur
1278 4498 1296 4537 a
1310 4496 1433 4555 corpore
1447 4481 1635 4554 revolvente;
1653 4482 1762 4541 dantur

1091 4557 1166 4618 vires
1180 4558 1287 4635 quibus
1302 4559 1393 4635 figura
1413 4577 1492 4618 nova
1512 4559 1638 4620 describi
1652 4572 1759 4637 potest,

1090 4638 1115 4699 si
1134 4639 1277 4699 ordinatae
1298 4650 1459 4715 augeantur
1478 4641 1525 4700 vel
1545 4639 1713 4700 minuantur
1730 4642 1760 4700 in

1090 4719 1204 4780 ratione
1237 4738 1414 4796 quacunque
1448 4721 1527 4792 data,
1555 4721 1602 4780 vel
1636 4723 1760 4798 angulus

1091 4798 1284 4860 ordinationis
1302 4810 1453 4877 utcunque
1471 4810 1606 4874 mutetur,
1622 4812 1760 4862 manente

1090 4891 1223 4958 ternpore
1237 4878 1389 4957 periodico
1404 4895 1451 4955 54,
1470 4900 1513 4939 10.
