4110 5782
645 422 709 479 DE
729 421 774 480 M
776 422 897 481 UNDI
913 422 939 481 S
946 422 1191 495 VSTEMATE,
1215 424 1272 481 &a

402 1048 745 1133 REGULAE
818 1050 1511 1133 PHILOSOPHANDI.

763 1503 1051 1579 REGULA
1109 1506 1140 1576 Ι.

224 1724 362 1797 Causas
379 1750 504 1797 rarum
522 1724 756 1810 naturalium
774 1749 846 1796 nan
854 1724 986 1820 plures
1002 1722 1153 1796 admitti
1166 1723 1291 1813 debere,
1306 1750 1416 1822 quam
1433 1752 1515 1822 qua
1527 1729 1576 1805 ὣ*
1589 1753 1682 1800 uera

449 1858 527 1931 sint
544 1860 593 1936 <⁰9³
609 1883 738 1930 aarum
745 1857 995 1953 planiamanis
1011 1858 1233 1953 explicandis
1248 1857 1439 1953 sufficiant.

289 2094 429 2166 Dicunt
454 2093 583 2191 utique
609 2092 842 2190 philosophi:
872 2092 1018 2165 Natura
1036 2090 1123 2165 nihil
1150 2093 1228 2191 agit
1245 2094 1389 2183 frustra,
1409 2096 1445 2169 81
1470 2098 1604 2171 frustra
1635 2096 1676 2171 fit

219 2209 407 2306 perplura
425 2210 526 2306 quod
545 2208 622 2283 fieri
640 2224 765 2305 potest
781 2235 848 2306 per
864 2210 1047 2305 pauciora.
1105 2208 1250 2282 Natura
1267 2212 1366 2284 enim
1389 2212 1546 2309 simplex
1564 2228 1621 2287 est
1639 2213 1675 2286 81

219 2350 339 2398 rerum
357 2326 478 2398 causis
495 2325 690 2422 superfluis
709 2351 782 2399 non
801 2324 968 2399 luxuriat

740 2640 1034 2715 REGULA
1091 2642 1157 2714 11.

216 2853 367 2950 liliaque
389 2855 574 2952 affatuum
605 2856 839 2928 naturalium
855 2853 1010 2952 q'ustlem
1024 2855 1170 2951 gentinis
1185 2854 1309 2928 cailan
1334 2854 1563 2951 assignanda
1585 2864 1674 2928 sunt

660 3016 785 3080 causa,
803 2998 981 3086 qimtenns
987 2988 1216 3086 fiaripatast.

285 3209 352 3283 Uti
386 3210 636 3305 respirationis
668 3210 704 3281 in
735 3209 885 3283 homine
917 3209 953 3282 81
981 3210 1018 3281 in
1047 3209 1185 3297 bestia;
1212 3210 1412 3282 descensus
1442 3206 1605 3305 lapidum
1633 3209 1669 3280 in

213 3327 370 3422 Europa
388 3327 462 3399 and
489 3327 526 3399 in
545 3326 747 3411 Ananim,-
772 3324 862 3399 lucis
881 3326 918 3398 in
938 3326 1023 3423 igne
1040 3324 1191 3398 culinari
1211 3324 1247 3397 81
1274 3325 1310 3397 in
1335 3322 1432 3412 sole;
1460 3323 1669 3398 reflexionis

214 3442 304 3516 lucis
323 3445 358 3516 in
379 3461 475 3517 terra
494 3444 529 3516 &
549 3444 584 3515 in
602 3442 770 3539 planetis

711 3741 1006 3816 REGULA
1065 3741 1166 3812 111.

213 3955 421 4042 Qualitates
450 3963 640 4049 carpmum
669 3981 750 4052 qua
776 3955 921 4028 intendi
949 3955 998 4031 ὣ*
1028 3954 1170 4026 rnuitti
1199 3962 1387 4049 uaqiuuut,
1418 3975 1564 4047 quiaque
1590 3976 1663 4023 car-

269 4088 425 4183 paribus
449 4088 614 4161 attinibus
649 4097 851 4183 cannatina
874 4087 925 4160 in'
941 4088 1071 4185 quibus
1095 4087 1334 4181 euperimuzta
1360 4086 1551 4160 instituere
1574 4086 1665 4175 licet,

269 4234 344 4319 pua
360 4223 600 4319 qualitatibus
616 4235 807 4320 cauponam
825 4224 1079 4296 uniuersorum
1095 4220 1263 4296 habenula
1277 4231 1372 4297 sunt.

280 4437 380 4508 Nam
398 4434 594 4532 qualitates
621 4462 814 4534 corporum
843 4462 916 4510 non
946 4436 1014 4508 nisi
1043 4460 1110 4531 per
1137 4433 1389 4528 experimenta
1417 4433 1661 4517 innotescunt,

210 4554 368 4649 ideoque
385 4551 578 4650 generales
595 4555 802 4627 statuendae
827 4569 915 4626 sunt
940 4566 1124 4648 quotquot
1151 4574 1233 4622 cum
1260 4548 1523 4644 experimentis
1547 4573 1660 4645 gene-

210 4668 332 4742 raliter
362 4668 565 4765 quadrant;
603 4668 638 4740 81
669 4694 752 4764 quae
785 4670 898 4741 minui
935 4695 1008 4742 non
1040 4682 1203 4763 possunt,
1237 4690 1310 4738 non
1342 4680 1497 4760 possunt
1527 4664 1661 4738 auferri
