4110 5782
752 439 894 497 amar
914 438 1098 497 Parmos,
1587 462 1653 532 ¹95

247 633 460 730 hujumodi
482 633 625 729 sphera
653 659 729 706 uno
756 635 918 707 ollroln't
942 635 1069 725 alcum,
1100 634 1152 707 sit
1177 633 1350 730 reciproce
1364 635 1657 729 proportionalis

247 765 430 861 quadrolo
445 766 633 839 distantiis
646 778 861 844 centrorum.

266 1029 387 1104 Sunto
405 1032 562 1127 sphaerae
590 1048 829 1128 quotcunque
851 1031 1092 1105 concentricae
1115 1031 1294 1107 similares
1316 1035 1357 1106 A
1371 1035 1418 1119 B,
1446 1035 1480 1108 C
1486 1036 1537 1122 D,
1560 1036 1602 1108 E
1609 1037 1654 1119 F,

198 1146 264 1221 &c
303 1174 458 1244 quarum
495 1151 686 1224 interiores
729 1151 867 1223 additae
910 1149 1152 1222 exterioribus
1195 1166 1420 1246 componant
1464 1153 1654 1225 materiam

197 1263 407 1338 densiorem
435 1292 565 1339 versus
595 1283 771 1353 centrum,
803 1266 863 1340 vel
894 1267 1086 1339 subductae
1117 1266 1326 1363 relinquant
1356 1269 1582 1356 tenuiorem;
1619 1270 1655 1343 8ι

197 1378 256 1452 hae
285 1380 368 1476 (per
392 1408 495 1478 prop.
518 1384 633 1480 lxxv)
658 1384 806 1458 trahent
831 1383 997 1480 sphaeras
1023 1383 1113 1457 alias
1140 1400 1378 1481 quotcunque
1404 1386 1655 1458 concentricas

197 1494 377 1570 similares
408 1500 512 1585 GH,
543 1500 633 1585 JK,
665 1502 773 1587 LM‚
805 1500 871 1574 dcc.
905 1498 1061 1597 singulae
1095 1499 1269 1598 singulas
1298 1501 1438 1573 viribus
1469 1502 1654 1598 reciproce

197 1614 532 1709 proportionalibus
558 1619 739 1713 quadrato
757 1618 942 1692 distantiae
962 1619 996 1689 S
1007 1619 1049 1691 Ρ.
1123 1617 1175 1691 Et
1195 1617 1455 1714 componendo
1473 1616 1532 1691 vel
1559 1619 1652 1692 divi-

196 1727 331 1817 dendo,
350 1757 495 1805 summa
512 1734 645 1812 virium
673 1733 815 1808 illarum
841 1735 1017 1820 omnium,
1045 1733 1104 1808 vel
1126 1761 1300 1808 excessus
1318 1734 1524 1831 aliquarum
1542 1761 1654 1831 supra

197 1845 308 1935 alias;
340 1848 410 1922 hoc
440 1864 506 1935 est,
534 1851 602 1940 vis,
630 1876 705 1946 qua
731 1851 878 1948 sphaera
908 1865 995 1936 tota,
1023 1877 1070 1924 ex
1097 1851 1337 1926 concentricis
1372 1852 1654 1948 quibuscunque

197 1963 257 2037 vel
301 1967 613 2039 concentricarum
662 1969 730 2041 dis-

196 2081 360 2155 serentiis
386 2086 593 2180 composita
621 2087 661 2158 A
678 2087 725 2171 B,

197 2198 309 2273 trahit
327 2215 443 2274 totam
462 2227 509 2274 ex
523 2204 725 2276 concentri-

197 2315 248 2388 cis
267 2316 548 2414 quibuscunque
561 2318 621 2392 vel
640 2346 724 2393 con-

197 2433 440 2506 centricarum
509 2434 725 2508 differentiis

197 2551 440 2646 compositam
462 2552 559 2624 GH
564 2582 578 2637 ,·
601 2553 671 2625 erit
689 2553 725 2624 in

195 2666 328 2739 eadem
344 2668 493 2742 ratione.
529 2668 726 2767 Augeatur

197 2804 371 2856 numerus
388 2784 617 2880 sphaerarum
638 2811 723 2858 con-

194 2899 436 2972 centricamm
472 2901 508 2973 in
544 2900 727 2974 infinitum

193 3013 255 3099 sic,
291 3030 332 3088 ut
375 3018 538 3090 materiae
582 3017 747 3092 densitas
781 3041 855 3089 una
888 3040 972 3088 cum
1007 3016 1044 3090 vi
1080 3017 1283 3102 attractiva,
1320 3017 1357 3089 in
1392 3043 1593 3116 progressu
1628 3043 1652 3090 a
1708 3115 1710 3118 Ι

193 3131 486 3208 circumferentia
504 3134 552 3207 ad
570 3150 747 3220 centrum,
766 3135 969 3208 secundum
989 3131 1111 3231 legem
1137 3159 1398 3231 quamcunque
1423 3152 1564 3208 crescat
1589 3134 1650 3209 vel

193 3246 396 3338 decrescat;
416 3252 461 3336 81,
480 3252 608 3323 addita
622 3250 775 3324 materia
789 3275 862 3323 non
876 3250 1080 3335 attractiva,
1100 3248 1329 3346 compleatur
1345 3250 1466 3324 ubivis
1484 3251 1649 3326 densitas

193 3364 378 3452 deficiens,
398 3393 443 3441 eo
461 3384 502 3441 ut
525 3369 681 3464 sphaerae
708 3369 900 3464 acquirant
924 3368 1081 3441 formam
1108 3369 1278 3464 quamvis
1304 3384 1470 3465 optatam
1483 3398 1491 3455 ;
1519 3369 1555 3442 8c
1581 3371 1648 3456 vis,

193 3508 268 3579 qua
298 3483 428 3557 harum
459 3510 534 3558 una
562 3484 723 3558 attrahet
749 3484 913 3570 alteram,
945 3484 1015 3557 erit
1044 3485 1256 3571 etiamnum,
1289 3512 1356 3581 per
1388 3503 1649 3584 argumentum

193 3599 372 3694 superius,
393 3601 428 3672 in
447 3602 580 3674 eadem
599 3601 660 3673 illa
676 3602 863 3674 distantiae
880 3601 1072 3697 quadratae
1091 3601 1233 3675 ratione
1251 3602 1406 3675 inversa.
1438 3603 1506 3692 Ὠ.
1519 3604 1568 3676 E.
1582 3605 1633 3677 D.

263 3715 380 3790 Corol.
415 3740 443 3790 1.
474 3717 576 3791 Hinc
603 3719 634 3791 si
665 3717 847 3815 ejusmodi
876 3715 1032 3811 sphaerae
1058 3715 1275 3812 complures
1301 3718 1369 3790 sibi
1398 3718 1555 3790 invicem
1583 3745 1650 3816 per

192 3832 317 3904 omnia
335 3833 482 3919 similes,
497 3861 538 3908 se
557 3851 685 3908 mutuo
702 3835 864 3921 trahant;
883 3834 1120 3928 attractiones
1133 3832 1405 3906 acceleratrices
1419 3833 1647 3932 singularum

192 3947 229 4017 in
264 3948 429 4045 singulas
464 3967 580 4036 erunt,
613 3952 649 4024 in
684 3949 889 4046 aequalibus
920 3949 1112 4045 quibusvis
1142 3963 1351 4022 centrorum
1381 3949 1575 4037 distantiis,
1607 3967 1649 4025 ut

191 4062 348 4158 sphaerae
366 4066 603 4140 attrahentes.

262 4181 379 4254 Corol.
411 4207 442 4256 2.
475 4182 594 4279 lnque
636 4181 822 4256 distantiis
863 4180 1056 4277 quibusvis
1109 4176 1361 4275 inaequalibus,
1405 4194 1447 4252 ut
1488 4181 1646 4276 sphaerae

191 4297 418 4371 attrahentes
436 4297 630 4394 applicatae
647 4298 695 4370 ad
714 4297 895 4393 quadrata
912 4295 1169 4369 distantiarum
1188 4296 1283 4368 inter
1299 4311 1434 4370 centra.

262 4415 378 4488 Corol.
411 4439 442 4507 3.
472 4415 726 4488 Attractiones
748 4440 838 4488 vero
856 4414 1039 4502 motrices,
1058 4438 1124 4486 seu
1155 4412 1321 4509 pondera
1351 4413 1579 4509 sphaerarum
1610 4414 1647 4488 in

190 4531 355 4627 sphaeras
383 4549 499 4619 erunt,
522 4533 558 4604 in
588 4531 790 4628 aequalibus
820 4549 1028 4606 centrorum
1059 4530 1252 4616 distantiis,
1281 4546 1322 4604 ut
1349 4531 1507 4628 sphaerae
1535 4547 1645 4606 attra-

190 4650 322 4723 hentes
353 4649 389 4722 8c
419 4665 585 4722 attractae
613 4650 846 4747 conjunctim,
874 4649 912 4722 id
938 4663 1004 4735 est,
1032 4663 1073 4721 ut
1099 4663 1272 4721 contenta
1299 4648 1370 4721 sub
1396 4649 1552 4745 sphaeris
1580 4674 1648 4745 per
1700 4665 1704 4672 '

191 4764 531 4863 multiplicationem
550 4766 737 4862 producta.
