4088 5768
843 500 985 559 LIBER
1004 501 1190 565 PRIMUS.
1672 523 1744 596 217

291 705 434 765 tentum
458 700 686 781 postremum
718 710 730 758 1
754 686 791 759 in
806 678 1044 777 PFTPY),
1065 689 1267 764 &restabit
1285 716 1371 764 area
1387 692 1423 763 L
1437 692 1478 764 A
1492 692 1571 764 Β]
1591 689 1745 787 aequalis

296 832 309 880 1
345 809 382 881 in
418 809 459 881 A
472 809 795 889 B-PE÷PD.
867 808 972 906 Ergo
1006 809 1073 896 vis,
1109 808 1193 880 huic
1228 833 1326 881 areae
1359 805 1652 905 proportionalis,
1688 823 1747 882 est

289 939 332 997 ut
348 925 389 997 A
404 925 725 1005 B-PE÷PD.

360 1041 477 1114 Corol.
501 1065 531 1114 2.
562 1040 664 1114 Hinc
681 1043 793 1114 etiam
807 1043 863 1116 vis
882 1044 1087 1130 innotescit,
1102 1066 1177 1140 qua
1194 1041 1373 1139 sphaerois
1391 1043 1431 1115 A
1449 1043 1485 1114 G
1495 1042 1533 1112 B
1548 1041 1582 1114 C
1595 1042 1747 1116 attrahit

290 1182 423 1252 corpus
438 1157 597 1253 quodvis
611 1159 657 1243 Ρ,
674 1160 834 1232 exterius
853 1161 889 1232 in
908 1186 978 1233 axe
992 1160 1111 1234 squ
1120 1161 1159 1231 B
1172 1160 1291 1235 situm.
1344 1159 1403 1256 Sit
1419 1159 1471 1232 N
1471 1159 1519 1231 K
1519 1160 1620 1230 RM
1631 1160 1747 1234 sectio

288 1273 415 1344 conica
449 1273 551 1370 cujus
594 1273 791 1347 ordinatim
834 1274 1018 1371 applicata
1049 1277 1092 1349 E
1107 1277 1155 1362 R,
1191 1275 1260 1372 ipsi
1294 1277 1334 1348 P
1348 1276 1390 1348 E
1422 1273 1745 1370 perpendicularis,

288 1405 456 1484 aequetur
493 1414 641 1486 semper
674 1389 894 1488 longitudini
928 1394 1034 1479 PD,
1062 1418 1146 1489 quae
1180 1392 1326 1465 ducitur
1359 1391 1407 1464 ad
1442 1408 1619 1488 punctum
1656 1391 1745 1465 illud

286 1505 338 1593 D,
358 1505 395 1577 in
414 1530 489 1601 quo
506 1505 690 1602 applicata
709 1508 778 1581 ista
804 1508 1051 1604 sphaeroidem
1078 1525 1188 1583 secat.
1243 1508 1281 1580 A
1308 1509 1527 1604 sphaeroidis
1545 1510 1745 1605 verticibus

294 1621 348 1706 A,
361 1621 402 1692 B
417 1621 465 1693 ad
479 1623 559 1720 ejus
577 1648 686 1695 axem
702 1624 792 1696 AB
807 1625 996 1722 erigantur
1012 1623 1275 1722 perpendicula
1291 1626 1333 1698 A
1347 1626 1401 1717 K,
1420 1627 1459 1698 B
1468 1627 1524 1698 M
1536 1626 1624 1723 ipsis
1641 1627 1682 1699 A
1697 1627 1746 1716 P,

295 1740 382 1811 BP
404 1739 563 1835 aequalia
589 1743 806 1837 respective,
827 1741 863 1814 &
888 1756 1085 1837 propterea
1110 1742 1263 1815 sectioni
1290 1743 1428 1816 conicae
1454 1743 1681 1816 occurrentia
1712 1741 1748 1814 in

295 1856 343 1927 K
356 1854 393 1928 81
409 1857 465 1927 M
468 1887 484 1942 ,·
510 1856 547 1930 &
559 1858 738 1956 jungatur
753 1860 801 1931 K
808 1859 865 1930 M
875 1859 1045 1932 auferens
1062 1859 1110 1932 ab
1128 1860 1260 1933 eadem
1278 1875 1513 1958 segmentum
1529 1860 1579 1932 K
1584 1859 1640 1932 M
1643 1859 1746 1932 RK.

298 3481 357 3556 Sit
381 3496 505 3555 autem
531 3475 751 3576 sphaeroidis
776 3489 944 3549 centrum
971 3475 1005 3547 S
1032 3474 1069 3549 81
1099 3474 1373 3550 semidiameter
1398 3476 1560 3551 maxima
1590 3477 1625 3550 S
1636 3477 1689 3552 C:
1714 3475 1751 3550 81

297 3599 366 3689 vis,
385 3624 459 3695 qua
475 3591 655 3695 sphaerois
682 3593 794 3669 trahit
819 3618 952 3690 corpus
969 3593 1016 3680 P,
1035 3593 1105 3667 erit
1121 3593 1169 3666 ad
1193 3595 1280 3681 vim,
1299 3619 1373 3690 qua
1398 3594 1546 3690 sphaera
1570 3594 1753 3667 diametro

1119 3707 1758 3806 ASxCSq-PSxKMRK

1204 3830 1669 3927 PSq÷CSq-ASq

296 3777 338 3849 A
353 3778 392 3850 B
417 3776 603 3872 descripta
628 3772 740 3846 trahit
766 3770 864 3845 idem
892 3795 1034 3867 corpus,
1053 3782 1096 3843 ut

368 3960 439 4175 ἕ
449 3958 625 4176 ZZZ
690 4013 743 4086 Et
765 4011 905 4130 'eodem
936 4007 1175 4105 computandi
1201 4005 1443 4078 fundamento
1474 4003 1639 4077 invenire
1669 4001 1755 4077 licet

297 4199 396 4272 vires
413 4209 691 4294 segmentorum
709 4192 936 4289 sphaeroidis.

367 4312 484 4387 Corol.
507 4335 539 4405 3.
569 4310 683 4405 Quod
704 4310 735 4382 si
762 4305 1018 4406 corpusculum
1046 4304 1142 4380 intra
1166 4301 1414 4400 sphaeroidem
1440 4301 1477 4374 in
1503 4325 1574 4374 axe
1600 4296 1752 4373 colloce-

297 4443 376 4515 tur;
402 4427 572 4501 attractio
598 4427 668 4500 erit
692 4441 734 4499 ut
760 4426 874 4522 ipsius
901 4424 1076 4497 distantia
1101 4448 1124 4495 a
1149 4435 1284 4496 centro,
1341 4419 1385 4492 ld
1404 4419 1504 4516 quod
1525 4416 1666 4491 facilius
1684 4418 1755 4492 hoc

296 4561 516 4643 argumento
546 4542 736 4642 colligitur,
768 4544 849 4615 sive
878 4538 1057 4637 particula
1083 4538 1122 4611 in
1152 4563 1223 4611 axe
1257 4537 1314 4623 sit,
1345 4536 1425 4611 sive
1456 4534 1493 4608 in
1521 4533 1593 4608 alia
1623 4534 1756 4631 quavis

296 4662 479 4736 diametro
496 4660 594 4734 data.
648 4659 708 4733 Sit
732 4660 774 4732 A
791 4659 827 4733 G
843 4659 931 4732 OF
950 4657 1130 4754 sphaerois
1156 4654 1355 4739 attrahens,
1374 4654 1408 4724 S
1422 4668 1589 4726 centrum
1607 4654 1699 4752 ejus,
1719 4651 1756 4725 8ι

297 4782 335 4853 Ρ
352 4805 485 4877 corpus
503 4793 709 4852 attractum.
767 4777 838 4850 Per
863 4800 997 4870 corpus
1024 4771 1111 4846 illud
1138 4774 1176 4845 P
1192 4787 1352 4870 agantur
1377 4786 1456 4843 tum
1482 4771 1756 4845 semidiameter

299 4897 334 4969 S
340 4897 380 4970 P
389 4898 443 4984 A,
462 4912 541 4971 tum
559 4911 669 4971 rectae
687 4894 772 4969 duae
799 4891 949 4991 quaevis·
960 4890 1003 4963 D
1015 4890 1064 4980 E,
1082 4891 1124 4962 F
1132 4889 1168 4963 G
1184 4887 1385 4985 sphaeroidi
1414 4887 1499 4961 hinc
1525 4887 1612 4961 inde
1630 4910 1754 4962 occur-

297 4017 345 4090 ad
