4088 5768
842 438 1193 500 DEFINITIONESL.

777 751 1160 825 DEFINITto
1213 753 1262 826 V.

295 968 360 1040 Vis
376 969 570 1064 cenlrz'peta
595 975 655 1055 est,
682 992 757 1062 quo
782 978 933 1063 corporo
958 994 1083 1041 uersus
1099 978 1282 1065 punctum
1307 969 1465 1066 aliquod,
1494 981 1671 1068 tanquam
1697 974 1750 1045 od

356 1115 529 1192 centrum,
545 1103 710 1199 >undique
725 1102 942 1191 trahuntur,
962 1102 1216 1197 impelluntur,
1236 1105 1294 1176 vel
1308 1114 1489 1202 utcunque
1504 1107 1666 1181 tendunt

358 1336 483 1434 Hujus
516 1335 666 1433 generis
699 1351 757 1409 est
789 1333 962 1431 gravitas,
998 1359 1072 1429 qua
1113 1360 1268 1430 corpora
1304 1338 1462 1433 tendunt
1486 1339 1544 1410 'ad
1579 1357 1746 1412 centrum

289 1468 416 1540 terrae;
444 1455 501 1526 vis
519 1454 736 1551 magnetica,
755 1478 830 1548 qua
855 1452 990 1525 ferrum
1017 1453 1111 1548 petit
1138 1470 1372 1551 magnetem;
1401 1455 1437 1527 ἃ
1464 1456 1521 1527 vis
1549 1455 1617 1542 illa,
1646 1483 1746 1552 quae-

289 1598 434 1668 cunque
463 1573 520 1657 sit,
548 1598 622 1668 qua
648 1570 807 1667 planetae
834 1584 1013 1666 perpetuo
1040 1570 1275 1643 retrahuntur
1300 1597 1322 1643 a
1349 1574 1509 1645 motibus
1541 1574 1746 1661 rectilineiS,

290 1689 327 1763 &
361 1690 401 1761 in·
425 1687 530 1761 lineis
556 1689 678 1761 curvis
704 1686 845 1761 revolvi
872 1701 1061 1784 coguntur.
1137 1688 1259 1783 Lapis,
1288 1689 1324 1761 in
1356 1690 1471 1762 sunda
1496 1691 1747 1778 circumactus

290 1833 313 1880 a
330 1807 601 1904 circumagente
629 1831 740 1878 manu
769 1804 870 1878 abire
898 1818 1070 1890 conatur;
1098 1803 1284 1881 &conatu
1303 1833 1371 1880 suo
1389 1808 1542 1881 sundam
1560 1810 1749 1895 distendit,

291 1950 410 2020 eoque
444 1924 574 1997 fortius
609 1949 684 2019 quo
713 1921 867 1995 celerius
895 1920 1116 2008 revolvitur;
1162 1922 1207 2008 &,
1240 1926 1512 2020 quamprimum
1543 1927 1753 2011 dimittitur,

292 2039 425 2115 avolat.
481 2041 569 2112 Vim
596 2041 742 2113 conatui
770 2038 818 2111 illi
846 2039 1075 2124 contrariam,
1103 2065 1177 2135 qua
1204 2040 1319 2113 funda
1345 2040 1506 2137 lapidem
1534 2045 1570 2115 in
1598 2068 1748 2115 manum

294 2175 473 2254 perpetuo
504 2157 718 2231 retrahit&
745 2159 781 2231 in
808 2156 897 2229 orbe
928 2156 1070 2240 retinet,
1099 2157 1274 2252 quoniam
1302 2158 1338 2228 in
1370 2185 1520 2231 manum
1552 2186 1619 2232 ceu
1650 2159 1750 2232 orbis

294 2292 459 2348 centrum
486 2275 664 2372 dirigitur,
684 2275 924 2370 centripetam
951 2274 1107 2369 appello.
1183 2274 1234 2346 Et
1260 2301 1328 2370 par
1353 2293 1411 2349 est
1436 2278 1529 2350 ratio
1555 2303 1750 2374 corporum

188 2379 190 2383 ¹
294 2395 468 2490 omnium,
501 2419 585 2489 quae
620 2393 824 2490 ingyrum
859 2408 1028 2489 aguntur.
1102 2392 1294 2465 Conantur
1323 2419 1367 2466 ea
1401 2396 1526 2467 omnia
1560 2422 1582 2468 a
1617 2396 1751 2470 centris

295 2512 438 2585 orbium
471 2510 662 2596 recedere;
708 2510 744 2582 81
783 2510 850 2581 nisi
886 2509 983 2581 adsit
1017 2509 1075 2581 vis
1113 2508 1237 2604 aliqua
1275 2511 1422 2584 conatui
1462 2512 1520 2585 isti
1560 2514 1750 2599 contraria,

297 2655 371 2725 qua
388 2629 629 2701 cohibeantur
647 2628 683 2701 &
702 2628 737 2699 in
762 2628 912 2701 orbibus
937 2628 1171 2712 retineantur,
1191 2652 1378 2723 quamque
1402 2629 1487 2702 ideo
1510 2630 1752 2725 centripetam

297 2747 453 2844 appello
479 2738 644 2820 'abibunt
675 2748 711 2820 in
748 2749 855 2821 rectis
890 2748 996 2821 lineis
1031 2747 1202 2820 uniformi
1243 2770 1326 2817 cum
1362 2760 1473 2820 motu.
1550 2745 1752 2845 Projectile

297 2867 328 2939 si
364 2866 400 2937 vi
435 2865 628 2964 gravitatis
658 2865 927 2951 destitueretur,
965 2891 1038 2938 non
1073 2864 1333 2938 deflecteretur
1368 2863 1403 2935 in
1440 2879 1585 2950 terram,
1616 2865 1684 2937 sed
1715 2865 1752 2935 in

296 2983 393 3057 linea
424 2999 524 3056 recta
553 2983 671 3056 abiret
706 2984 741 3055 in
777 2981 911 3070 coelos;
956 2982 1068 3078 idque
1102 2982 1272 3056 uniformi
1308 3008 1392 3054 cum
1427 2998 1539 3068 motu,
1557 2979 1606 3054 ¹si
1642 2981 1755 3055 modo

294 3102 390 3174 aeris
417 3100 624 3173 resistentia
650 3098 845 3174 tolleretur.
904 3100 974 3173 Per
998 3100 1220 3199 gravitatem
1246 3125 1352 3171 suam
1378 3099 1574 3172 retrahitur
1598 3125 1621 3171 a
1647 3110 1754 3171 cursu

298 3218 486 3292 rectilineo
521 3216 557 3288 dt
593 3216 628 3287 in
661 3232 794 3288 terram
829 3234 1010 3313 perpetuo
1041 3217 1207 3302 flectitur,
1240 3217 1353 3313 idque
1384 3216 1502 3315 magis
1537 3215 1597 3289 vel
1633 3216 1754 3289 minus

299 3361 368 3432 pro
383 3335 567 3432 gravitate
585 3360 652 3406 sua
670 3333 707 3405 &
724 3333 919 3407 velocitate
937 3349 1069 3408 motus.
1125 3334 1212 3427 Quo
1231 3335 1351 3407 minor
1367 3333 1477 3407 suerit
1494 3334 1573 3432 ejus
1590 3333 1755 3432 gravitas

298 3478 367 3549 pro
397 3452 603 3549 quantitate
633 3451 806 3536 materiae,
838 3450 897 3525 vel
929 3452 1047 3549 major
1075 3449 1252 3525 velocitas
1287 3476 1445 3547 quacum
1476 3451 1673 3549 projicitur,
1710 3476 1756 3525 eo

298 3570 420 3643 minus
438 3569 604 3643 deviabit
620 3595 643 3641 a
660 3595 767 3641 cursu
792 3567 980 3642 rectilineo
998 3568 1034 3641 8t
1051 3567 1198 3666 longius
1215 3583 1355 3665 perget.
1427 3569 1468 3640 Si
1485 3567 1619 3666 globus
1637 3568 1754 3664 plum-

299 3687 402 3773 beus
430 3687 519 3760 data
552 3712 635 3759 cum
662 3684 857 3760 velocitate
887 3687 1090 3760 secundum
1118 3685 1252 3759 lineam
1280 3685 1545 3760 horizontalem
1571 3712 1595 3759 a
1620 3688 1757 3759 montis

299 3804 453 3904 alicujus
479 3806 617 3878 vertice
642 3804 679 3876 vi
707 3802 869 3900 pulveris
904 3805 1129 3878 tormentarii
1161 3805 1354 3902 projectus,
1382 3819 1554 3901 pergeret
1589 3803 1625 3875 in
1660 3801 1758 3875 linea

301 3949 415 3997 curva
444 3923 492 3996 ad
518 3921 731 3995 distantiam
759 3921 917 3994 duorum
940 3920 1163 4006 milliarium,
1192 3922 1405 4017 priusquam
1434 3921 1470 3992 in
1497 3928 1632 3993 terram
1659 3918 1755 3992 deci-

301 4040 431 4114 deret:
475 4040 533 4113 hic
564 4037 677 4135 dupla
707 4065 790 4112 cum
825 4037 1021 4112 velocitate
1055 4039 1161 4135 quasi
1187 4036 1302 4135 d'uplo
1332 4036 1478 4134 longius
1508 4050 1688 4133 pergeret,
1721 4035 1758 4107 81

301 4156 458 4255 decupla
488 4183 572 4230 cum
602 4156 797 4230 velocitate
828 4157 932 4252 quasi
963 4157 1120 4252 decuplo
1146 4155 1316 4253 longius:
1353 4155 1383 4226 si
1410 4153 1523 4226 modo
1548 4153 1644 4225 aeris
1671 4153 1757 4225 resi-

300 4278 436 4351 stentia
454 4275 649 4350 tolleretur.
723 4275 775 4348 Et
792 4276 965 4374 augendo
990 4275 1225 4349 velocitatem
1251 4271 1377 4369 augeri
1404 4285 1531 4365 posset
1556 4294 1624 4365 pro
1641 4267 1760 4342 lubitu

302 4396 478 4469 distantia
504 4395 541 4468 in
568 4420 680 4491 quam
706 4394 952 4491 projiceretur,
981 4393 1017 4465 81
1052 4392 1166 4465 minui
1193 4406 1389 4464 curvatura
1414 4387 1521 4460 lineae
1547 4413 1659 4483 quam
1694 4387 1758 4460 de-

304 4513 488 4598 scriberet,
521 4512 572 4584 ita
598 4526 638 4583 ut
664 4512 814 4584 tandem
840 4513 989 4585 caderet
1015 4513 1063 4585 ad
1089 4510 1303 4584 distantiam
1329 4507 1512 4606 graduum
1543 4506 1673 4579 decem
1699 4505 1759 4579 vel

305 4629 456 4727 triginta
489 4627 550 4702 vel
585 4629 805 4727 nonaginta;
849 4628 909 4703 vel
945 4631 1056 4703 etiam
1092 4644 1132 4701 ut
1167 4644 1302 4701 terram
1343 4641 1458 4699 totam
1493 4624 1661 4697 circuiret
1700 4623 1760 4696 vel

307 4747 469 4842 denique
504 4761 545 4819 ut
572 4747 607 4818 in
635 4746 747 4823 coelos
774 4748 903 4831 abiret,
921 4746 957 4820 &
984 4764 1086 4820 motu
1113 4745 1273 4820 abeundi
1303 4758 1474 4843 pergeret
1501 4743 1537 4816 in
1566 4742 1757 4815 infinitum.

310 4865 363 4936 Et
380 4864 511 4936 eadem
531 4864 679 4951 ratione,
699 4891 773 4960 qua
791 4865 979 4963 projectile
998 4865 1034 4937 vi
1052 4865 1244 4964 gravitatis
1264 4866 1299 4937 in
1319 4864 1447 4937 orbem
1466 4860 1562 4933 flecti
1581 4857 1762 4956 posset&
