4088 5768
370 1179 884 1275 PHILOSOPHIAE
940 1181 1358 1325 NATURALIS

208 1455 703 1584 PRINCIPIA
779 1456 1520 1586 MATHEMATICA.

542 1877 1188 1962 DEFINITIONES.

626 2258 1016 2334 DEFINITIO
1072 2259 1111 2334 l.

139 2459 338 2551 Quantitas
366 2459 530 2534 materia
562 2467 614 2533 est
645 2484 819 2533 inausum
851 2459 1008 2559 q‘usdem
1041 2468 1125 2534 orla
1157 2485 1202 2534 ex
1229 2459 1333 2534 illius
1365 2457 1540 2534 densitate
1564 2465 1599 2531 cl

613 2593 867 2691 magnitudine
886 2593 1113 2691 conjunctim.

234 2802 308 2876 ER
332 2803 515 2878 densitate
533 2802 730 2901 duplicata,
743 2801 780 2876 in
794 2802 915 2900 spatio
932 2801 1045 2878 etiam
1063 2802 1261 2900 duplicat0‚
1281 2801 1323 2876 fit
1344 2799 1596 2900 quadruplus;

279 2919 315 2992 in
339 2919 520 3017 triplicato
551 2921 753 3018 sextuplus
804 2921 910 2995 Idem
941 2920 1103 3020 intellige
1130 2922 1178 2996 de
1204 2920 1290 2994 nive
1316 2917 1353 2992 &
1382 2916 1597 3015 pulveribus

134 3061 201 3132 per
217 3037 528 3133 compressionem
547 3037 608 3112 vel
634 3037 931 3135 liquefactionem
958 3038 1202 3113 condensatis.
1259 3037 1311 3110 Et
1336 3061 1403 3133 par
1419 3051 1477 3108 est
1502 3033 1596 3107 ratio

133 3177 329 3249 corporum
346 3153 524 3244 omnium,
544 3181 629 3251 quae
656 3180 723 3252 per
748 3180 878 3229 causas
904 3181 1146 3254 quascunque
1163 3154 1414 3244 diversimode
1437 3152 1596 3226 conden-

132 3285 269 3343 santur.
344 3270 461 3345 Medii
488 3271 637 3361 interea,
665 3271 696 3346 si
724 3273 827 3370 quod
845 3272 967 3370 suerit,
985 3271 1182 3347 interstitia
1205 3271 1364 3370 partium
1383 3271 1497 3345 libere
1515 3294 1595 3366 per·

132 3385 314 3477 vadentis‚
342 3385 401 3461 hic
426 3387 563 3461 nullam
590 3387 770 3463 rationem
788 3388 917 3464 habeo.
974 3390 1086 3464 Hanc
1110 3406 1236 3464 autem
1262 3387 1506 3487 quantitatem
1524 3386 1596 3460 sub

133 3503 282 3577 nomine
295 3504 458 3600 corporis
475 3504 536 3579 vel
555 3531 687 3580 massae
707 3505 744 3578 in
761 3506 1004 3604 sequentibus
1018 3507 1155 3604 passim
1167 3505 1345 3605 intelligo.
1393 3501 1596 3577 Innotescit

132 3646 177 3694 ea
207 3646 274 3716 per
299 3622 461 3718 corporis
488 3623 667 3721 cujusque
685 3624 859 3719 pondus:
889 3624 990 3698 Nam
1008 3623 1164 3722 ponderi
1182 3619 1494 3720 proportionalem
1511 3644 1594 3693 esse

132 3736 252 3834 reperi
270 3763 336 3834 per
352 3739 606 3836 experimenta
624 3740 871 3838 pendulorum
889 3742 1162 3817 accuratissime
1179 3740 1356 3831 instituta,
1368 3737 1422 3813 uti
1439 3734 1596 3835 posthac

133 3853 336 3929 docebitur.
1356 3867 1364 3878 '

616 4074 1001 4151 DEFINITIO
1057 4077 1122 4152 11.

136 4287 336 4379 Quantitas
360 4298 479 4365 nulus
503 4300 556 4366 est
579 4316 752 4365 mensura
776 4290 932 4389 q'usdem
956 4299 1040 4365 orta
1068 4317 1113 4365 eu
1131 4289 1310 4365 velocitate
1333 4295 1368 4361 et
1390 4283 1598 4384 quantitate

652 4410 816 4483 materz'ce
844 4408 1072 4506 conjunctim.

199 4607 328 4683 Motus
346 4608 460 4684 totius
485 4626 542 4685 est
567 4636 714 4684 summa
730 4626 901 4684 motuum
928 4607 1148 4707 inpartibus
1174 4606 1353 4707 singulis;
1379 4607 1539 4703 ideoque
1556 4601 1595 4675 in

133 4749 287 4822 corpore
305 4727 420 4825 duplo
439 4729 589 4827 majore,
608 4728 742 4827 aequali
762 4753 845 4803 cum
859 4724 1065 4819 velocitate,
1084 4725 1221 4825 duplus
1238 4743 1305 4818 est,
1325 4724 1362 4799 81
1379 4722 1495 4821 dupla
1512 4743 1595 4794 cum

132 4843 330 4949 velocitate
347 4845 590 4944 quadruplus.

202 4963 211 4993 ¹
843 4969 868 5018 A
