4088 5768
858 476 999 535 aloen
1019 476 1202 536 parnas
1690 503 1753 571 191

305 672 341 745 81
357 679 418 766 ps
446 670 495 743 ad
520 670 592 766 pf
669 669 792 755 Unde,
827 694 875 742 ex
910 695 1028 766 aequo,
1056 670 1099 743 fit
1131 671 1302 745 attractio
1336 670 1542 768 corpusculi
1577 673 1688 771 hujus
1721 676 1760 747 P

1393 790 1757 928 PFxpfxpsad

1497 914 1581 986 PS

302 879 433 926 versus
451 854 485 925 S
507 852 555 925 ad
577 852 834 925 attractionem
855 849 1060 948 corpusculi
1079 862 1112 948 p
1138 877 1268 925 versus
1289 879 1315 939 s,
1335 870 1377 926 ut

292 1040 326 1126 p
326 1029 366 1124 f
373 1053 398 1101 x
410 1030 449 1100 P
458 1030 500 1101 F
511 1028 630 1100 ><PS

431 1163 492 1249 rs
629 1149 636 1178 ’

299 1285 427 1343 mento
441 1270 548 1351 vires,
564 1269 697 1364 quibus
712 1266 923 1362 superficies
941 1262 1203 1339 convolutione
1216 1292 1367 1340 arcuum
1384 1269 1433 1340 K
1434 1270 1481 1354 L,
1499 1268 1549 1341 tl
1561 1269 1757 1366 descriptae

298 1386 452 1459 trahunt
481 1383 706 1480 corpuscula,
738 1398 845 1456 erunt
874 1399 916 1455 ut
936 1393 997 1479 ps
1025 1382 1131 1478 quad
1163 1383 1210 1454 ad
1229 1384 1313 1456 PS
1343 1385 1450 1479 quad
1485 1384 1597 1479 inque
1625 1387 1757 1460 eadem

297 1503 443 1577 ratione
460 1518 569 1575 erunt
586 1503 683 1574 vires
701 1499 978 1597 superficierum
996 1500 1162 1595 omnium
1179 1499 1409 1573 circularium
1434 1500 1471 1572 in
1490 1527 1583 1597 quas
1601 1519 1758 1600 utraque

296 1619 512 1717 superficies
551 1619 740 1715 sphaerica,
776 1617 957 1713 capiendo
1000 1643 1149 1714 semper
1189 1618 1247 1691 sd
1285 1616 1466 1713 aequalem
1511 1620 1594 1690 SD
1637 1620 1673 1693 &
1714 1647 1761 1694 se

295 1737 481 1836 aequalem
501 1739 584 1823 SE,
604 1737 779 1835 distingui
798 1750 931 1832 potest.
988 1736 1049 1821 Et,
1064 1762 1132 1832 per
1148 1735 1464 1833 compositionem,
1480 1736 1578 1809 vires
1597 1751 1757 1811 totarum

296 1854 576 1950 superficierum
607 1853 869 1948 sphaericamm
898 1854 935 1926 in
966 1851 1182 1949 corpuscula
1216 1853 1388 1926 exercitae
1418 1868 1526 1926 erunt
1557 1854 1593 1926 in
1624 1854 1756 1927 eadem

296 1972 451 2045 ratione.
511 1970 671 2059 Qut).

656 1090 727 1164 hoc
744 1106 809 1178 est,
829 1108 870 1164 ut
877 1102 938 1188 ps
961 1091 1067 1188 quad
1087 1091 1134 1163 ad
1152 1092 1191 1162 P
1200 1092 1235 1164 S
1256 1093 1363 1187 quad.
1436 1094 1489 1166 Et
1514 1094 1623 1168 simili
1649 1121 1757 1195 argu-

395 2323 766 2399 PROPOSITIO
811 2322 1006 2397 LXXII.
1061 2321 1418 2396 THEOREMA
1465 2322 1668 2397 XXXII.

291 2556 331 2628 S
328 2556 349 2627 i
360 2554 414 2626 ad
425 2555 575 2649 splrarae
588 2555 749 2651 cujusvis
756 2562 899 2648 puncta
923 2551 1077 2649 stragula
1102 2551 1255 2624 tendant
1270 2553 1365 2626 ar'res
1386 2554 1539 2648 aquales
1555 2553 1757 2647 centrr‘peta

347 2688 571 2762 decrescentes
600 2690 641 2761 r’n
670 2688 858 2785 duplicata
881 2687 1024 2759 rotrone
1050 2685 1317 2758 distantiarum
1346 2710 1370 2757 a
1386 2685 1563 2781 puncta's,·
1591 2712 1633 2758 ac
1648 2687 1759 2759 detur

348 2829 429 2894 turn
456 2823 608 2919 splaarce
634 2824 801 2912 densitas,
834 2833 914 2895 turn
944 2822 1043 2894 ratio
1076 2821 1252 2894 dcamctrt’
1280 2820 1433 2916 spluerce
1463 2820 1517 2893 ad
1536 2820 1756 2894 destantram

345 2954 553 3051 corpusculi
574 2981 598 3027 a
623 2964 742 3027 centra
766 2955 865 3051 ejus:
890 2955 967 3028 dico
984 2955 1083 3050 quad
1096 2955 1160 3041 vis,
1178 2980 1252 3052 qua
1268 2954 1519 3049 corpusculum
1535 2954 1754 3040 attrahitur,

335 3087 632 3183 proportzaualrir
647 3088 720 3160 erit
734 3087 999 3161 semzdrametro
1015 3087 1172 3184 splcara.

364 3337 467 3411 Nam
498 3337 651 3433 concipe
680 3336 898 3433 corpuscula
924 3339 1001 3412 duo
1028 3340 1183 3413 seorsim
1211 3364 1234 3411 a
1262 3328 1417 3434 'sphaeris
1443 3340 1588 3413 duabus
1610 3340 1753 3426 attrahi,

287 3480 409 3529 unum
428 3454 477 3527 ab
495 3479 569 3525 una
588 3454 624 3527 &
649 3453 804 3527 alterum
832 3456 880 3527 ab
909 3453 1035 3542 altera,
1055 3457 1091 3530 8ι
1119 3455 1313 3529 distantias
1342 3480 1468 3528 eorum
1487 3481 1509 3528 a
1526 3456 1755 3551 sphaerarum

288 3572 430 3646 centris
456 3569 751 3667 proportionales
778 3597 861 3645 esse
887 3573 1076 3646 diametris
1102 3572 1330 3668 sphaerarum
1355 3573 1570 3668 respective,
1590 3573 1756 3669 sphaeras

288 3703 419 3761 autem
439 3686 574 3761 resolvi
593 3688 629 3758 in
648 3686 844 3782 particulas
862 3688 1000 3762 similes
1027 3688 1063 3761 8z
1090 3688 1257 3761 similiter
1283 3688 1423 3784 positas
1451 3688 1499 3760 ad
1528 3686 1753 3784 corpuscula.

291 3806 348 3879 Et
382 3805 623 3877 attractiones
658 3803 862 3899 corpusculi
898 3807 1016 3892 unius,
1051 3806 1159 3879 sactae
1193 3830 1323 3878 versus
1359 3803 1522 3902 singulas
1558 3803 1755 3899 particulas

288 3921 451 4017 sphaerae
478 3921 597 4005 uniuS,
620 3936 728 3993 erunt
753 3921 801 3993 ad
820 3922 1057 3996 attractiones
1075 3921 1224 3995 alterius
1243 3946 1372 3993 versus
1399 3918 1576 4017 analogas
1602 3920 1757 3993 totidem

289 4036 493 4134 particulas
525 4036 682 4131 sphaerae
710 4035 870 4125 alterius,
898 4039 934 4111 in
962 4041 1103 4113 ratione
1129 4038 1335 4134 composita
1360 4061 1408 4109 ex
1435 4036 1577 4109 ratione
1598 4036 1757 4132 particu-

291 4152 413 4227 larum
457 4154 599 4227 directe
642 4154 678 4227 8ι
721 4155 864 4228 ratione
906 4153 1093 4251 duplicata
1134 4154 1391 4228 distantiarum
1436 4153 1591 4226 inverse.
1677 4152 1757 4225 Sed

290 4268 486 4367 particulae
505 4284 592 4342 sunt
609 4285 650 4343 ut
676 4271 842 4366 sphaerae,
863 4271 933 4345 hoc
959 4287 1024 4357 est,
1044 4273 1081 4345 in
1108 4272 1249 4345 ratione
1276 4268 1458 4367 triplicata
1482 4269 1756 4355 diametrorum,

291 4387 330 4461 81
374 4387 565 4461 distantiae
607 4402 695 4459 sunt
737 4402 778 4460 ut
820 4388 1011 4477 diametri;
1051 4388 1087 4461 8ι
1129 4389 1223 4461 ratio
1257 4388 1357 4484 prior
1391 4388 1530 4460 directe
1564 4411 1639 4458 una
1673 4411 1757 4458 cum

291 4503 438 4577 ratione
481 4502 686 4598 posteriore
721 4503 777 4576 bis
813 4503 960 4577 inverse
993 4518 1051 4577 est
1085 4504 1178 4577 ratio
1221 4505 1391 4578 diametri
1434 4504 1483 4577 ad
1526 4504 1757 4576 diametrum.

291 4618 394 4710 Qu
405 4620 456 4693 D.

364 4735 486 4809 Coral.
522 4757 550 4806 1.
584 4733 686 4806 Hinc
703 4734 734 4808 si
753 4733 969 4832 corpuscula
996 4736 1032 4808 in
1059 4734 1212 4822 circulis,
1232 4736 1327 4811 circa
1352 4737 1517 4836 sphaeras
1541 4763 1589 4811 ex
1607 4735 1761 4809 materia
