<?xml version="1.0" encoding="UTF-8"?>
<!DOCTYPE html PUBLIC "-//W3C//DTD XHTML 1.0 Transitional//EN"
    "http://www.w3.org/TR/xhtml1/DTD/xhtml1-transitional.dtd">
<html xmlns="http://www.w3.org/1999/xhtml" xml:lang="en" lang="en">
 <head>
  <title>
</title>
<meta http-equiv="Content-Type" content="text/html;charset=utf-8" />
  <meta name='ocr-system' content='tesseract 3.04.00' />
  <meta name='ocr-capabilities' content='ocr_page ocr_carea ocr_par ocr_line ocrx_word'/>
</head>
<body>
  <div class='ocr_page' id='page_1' title='image "./sirisaacnewtons01newtgoog_0389.png"; bbox 0 0 4110 5782; ppageno 0'>
   <div class='ocr_carea' id='block_1_1' title="bbox 393 404 1380 498">
    <p class='ocr_par' dir='ltr' id='par_1_1' title="bbox 393 404 1380 498">
     <span class='ocr_line' id='line_1_1' title="bbox 393 404 1380 498; baseline 0.001 -37"><span class='ocrx_word' id='word_1_1' title='bbox 393 430 412 498; x_wconf 85' lang='lat'>3</span> <span class='ocrx_word' id='word_1_2' title='bbox 416 409 463 497; x_wconf 81' lang='lat'>48</span> <span class='ocrx_word' id='word_1_3' title='bbox 879 405 946 462; x_wconf 75' lang='lat' dir='ltr'>oa</span> <span class='ocrx_word' id='word_1_4' title='bbox 966 404 1104 463; x_wconf 76' lang='lat' dir='ltr'>Moru</span> <span class='ocrx_word' id='word_1_5' title='bbox 1124 404 1301 463; x_wconf 70' lang='lat' dir='ltr'>coleron</span> <span class='ocrx_word' id='word_1_6' title='bbox 1309 405 1380 464; x_wconf 76' lang='lat' dir='ltr'>viv</span> 
     </span>
    </p>
   </div>
   <div class='ocr_carea' id='block_1_2' title="bbox 376 597 1947 4765">
    <p class='ocr_par' dir='ltr' id='par_1_2' title="bbox 388 597 1843 932">
     <span class='ocr_line' id='line_1_2' title="bbox 390 597 1843 698; baseline -0.003 -22"><span class='ocrx_word' id='word_1_7' title='bbox 390 601 640 698; x_wconf 87' lang='lat' dir='ltr'>ponderandis</span> <span class='ocrx_word' id='word_1_8' title='bbox 669 598 791 697; x_wconf 86' lang='lat' dir='ltr'>globis</span> <span class='ocrx_word' id='word_1_9' title='bbox 820 598 856 670; x_wconf 92' lang='lat' dir='ltr'>in</span> <span class='ocrx_word' id='word_1_10' title='bbox 884 623 991 693; x_wconf 91' lang='lat' dir='ltr'>aqua,</span> <span class='ocrx_word' id='word_1_11' title='bbox 1023 599 1200 672; x_wconf 91' lang='lat' dir='ltr'>incertum</span> <span class='ocrx_word' id='word_1_12' title='bbox 1229 624 1312 672; x_wconf 91' lang='lat' dir='ltr'>esse</span> <span class='ocrx_word' id='word_1_13' title='bbox 1342 613 1441 693; x_wconf 90' lang='lat' dir='ltr'>puto.</span> <span class='ocrx_word' id='word_1_14' title='bbox 1485 597 1665 693; x_wconf 24' lang='lat' dir='ltr'>,Ideoque</span> <span class='ocrx_word' id='word_1_15' title='bbox 1696 600 1843 693; x_wconf 90' lang='lat' dir='ltr'>pondus</span> 
     </span>
     <span class='ocr_line' id='line_1_3' title="bbox 388 714 1843 817; baseline -0.003 -26"><span class='ocrx_word' id='word_1_16' title='bbox 388 718 489 817; x_wconf 86' lang='lat' dir='ltr'>globi</span> <span class='ocrx_word' id='word_1_17' title='bbox 512 720 547 790; x_wconf 91' lang='lat' dir='ltr'>in</span> <span class='ocrx_word' id='word_1_18' title='bbox 567 744 664 814; x_wconf 91' lang='lat' dir='ltr'>aqua</span> <span class='ocrx_word' id='word_1_19' title='bbox 681 718 793 789; x_wconf 91' lang='lat' dir='ltr'>debet</span> <span class='ocrx_word' id='word_1_20' title='bbox 810 741 892 789; x_wconf 91' lang='lat' dir='ltr'>esse</span> <span class='ocrx_word' id='word_1_21' title='bbox 919 714 1077 811; x_wconf 92' lang='lat' dir='ltr'>plurium</span> <span class='ocrx_word' id='word_1_22' title='bbox 1103 741 1312 814; x_wconf 90' lang='lat' dir='ltr'>granorum,</span> <span class='ocrx_word' id='word_1_23' title='bbox 1333 729 1373 786; x_wconf 93' lang='lat' dir='ltr'>ut</span> <span class='ocrx_word' id='word_1_24' title='bbox 1391 715 1684 809; x_wconf 86' lang='lat' dir='ltr'>experimentum</span> <span class='ocrx_word' id='word_1_25' title='bbox 1703 732 1843 788; x_wconf 92' lang='lat' dir='ltr'>certum</span> 
     </span>
     <span class='ocr_line' id='line_1_4' title="bbox 393 833 894 932; baseline -0.01 -24"><span class='ocrx_word' id='word_1_26' title='bbox 393 836 429 908; x_wconf 69' lang='lat'>81</span> <span class='ocrx_word' id='word_1_27' title='bbox 447 835 519 908; x_wconf 91' lang='lat' dir='ltr'>fide</span> <span class='ocrx_word' id='word_1_28' title='bbox 538 835 691 932; x_wconf 91' lang='lat' dir='ltr'>dignum</span> <span class='ocrx_word' id='word_1_29' title='bbox 710 833 894 906; x_wconf 84' lang='lat' dir='ltr'>reddatur.</span> 
     </span>
    </p>

    <p class='ocr_par' dir='ltr' id='par_1_3' title="bbox 376 948 1947 3837">
     <span class='ocr_line' id='line_1_5' title="bbox 456 948 1843 1046; baseline -0.001 -23"><span class='ocrx_word' id='word_1_30' title='bbox 456 954 592 1046; x_wconf 80' lang='lat' dir='ltr'>Exper.</span> <span class='ocrx_word' id='word_1_31' title='bbox 615 975 647 1042; x_wconf 92' lang='lat'>4.</span> <span class='ocrx_word' id='word_1_32' title='bbox 679 950 947 1046; x_wconf 74' lang='lat' dir='ltr'>Experimento</span> <span class='ocrx_word' id='word_1_33' title='bbox 973 948 1150 1020; x_wconf 89' lang='lat' dir='ltr'>hactenus</span> <span class='ocrx_word' id='word_1_34' title='bbox 1177 948 1363 1043; x_wconf 89' lang='lat' dir='ltr'>descripta</span> <span class='ocrx_word' id='word_1_35' title='bbox 1388 948 1495 1042; x_wconf 88' lang='lat' dir='ltr'>coepi,</span> <span class='ocrx_word' id='word_1_36' title='bbox 1515 962 1556 1019; x_wconf 91' lang='lat' dir='ltr'>ut</span> <span class='ocrx_word' id='word_1_37' title='bbox 1582 948 1843 1046; x_wconf 82' lang='lat' dir='ltr'>investigarem</span> 
     </span>
     <span class='ocr_line' id='line_1_6' title="bbox 392 1065 1844 1161; baseline -0.003 -19"><span class='ocrx_word' id='word_1_38' title='bbox 392 1069 618 1143; x_wconf 86' lang='lat' dir='ltr'>resistentias</span> <span class='ocrx_word' id='word_1_39' title='bbox 645 1068 850 1151; x_wconf 85' lang='lat' dir='ltr'>fluidorum,</span> <span class='ocrx_word' id='word_1_40' title='bbox 877 1081 1077 1161; x_wconf 88' lang='lat' dir='ltr'>antequam</span> <span class='ocrx_word' id='word_1_41' title='bbox 1105 1065 1247 1138; x_wconf 91' lang='lat' dir='ltr'>theoria</span> <span class='ocrx_word' id='word_1_42' title='bbox 1274 1066 1309 1137; x_wconf 92' lang='lat' dir='ltr'>in</span> <span class='ocrx_word' id='word_1_43' title='bbox 1337 1065 1649 1160; x_wconf 88' lang='lat' dir='ltr'>propositionibus</span> <span class='ocrx_word' id='word_1_44' title='bbox 1676 1067 1844 1161; x_wconf 86' lang='lat' dir='ltr'>proxime</span> 
     </span>
     <span class='ocr_line' id='line_1_7' title="bbox 391 1181 1843 1282; baseline -0.003 -24"><span class='ocrx_word' id='word_1_45' title='bbox 391 1185 686 1282; x_wconf 69' lang='lat' dir='ltr'>praecedentibus</span> <span class='ocrx_word' id='word_1_46' title='bbox 729 1183 898 1278; x_wconf 91' lang='lat' dir='ltr'>exposita</span> <span class='ocrx_word' id='word_1_47' title='bbox 941 1181 1029 1254; x_wconf 93' lang='lat' dir='ltr'>mihi</span> <span class='ocrx_word' id='word_1_48' title='bbox 1074 1183 1328 1254; x_wconf 87' lang='lat' dir='ltr'>innotesceret.</span> <span class='ocrx_word' id='word_1_49' title='bbox 1404 1181 1546 1265; x_wconf 89' lang='lat' dir='ltr'>Postea,</span> <span class='ocrx_word' id='word_1_50' title='bbox 1583 1197 1625 1254; x_wconf 96' lang='lat' dir='ltr'>ut</span> <span class='ocrx_word' id='word_1_51' title='bbox 1663 1183 1843 1255; x_wconf 90' lang='lat' dir='ltr'>theoriam</span> 
     </span>
     <span class='ocr_line' id='line_1_8' title="bbox 392 1295 1843 1395; baseline -0.002 -22"><span class='ocrx_word' id='word_1_52' title='bbox 392 1303 581 1375; x_wconf 91' lang='lat' dir='ltr'>inventam</span> <span class='ocrx_word' id='word_1_53' title='bbox 597 1301 856 1384; x_wconf 84' lang='lat' dir='ltr'>examinarem,</span> <span class='ocrx_word' id='word_1_54' title='bbox 872 1297 999 1393; x_wconf 91' lang='lat' dir='ltr'>paravi</span> <span class='ocrx_word' id='word_1_55' title='bbox 1013 1323 1080 1369; x_wconf 92' lang='lat' dir='ltr'>vas</span> <span class='ocrx_word' id='word_1_56' title='bbox 1098 1295 1262 1394; x_wconf 90' lang='lat' dir='ltr'>ligneum</span> <span class='ocrx_word' id='word_1_57' title='bbox 1279 1295 1473 1370; x_wconf 90' lang='lat' dir='ltr'>latitudine</span> <span class='ocrx_word' id='word_1_58' title='bbox 1488 1298 1631 1370; x_wconf 91' lang='lat' dir='ltr'>interna</span> <span class='ocrx_word' id='word_1_59' title='bbox 1644 1298 1843 1395; x_wconf 86' lang='lat' dir='ltr'>digitorum</span> 
     </span>
     <span class='ocr_line' id='line_1_9' title="bbox 376 1412 1845 1513; baseline -0.003 -23"><span class='ocrx_word' id='word_1_60' title='bbox 376 1417 445 1503; x_wconf 68' lang='lat'>·8},</span> <span class='ocrx_word' id='word_1_61' title='bbox 475 1417 725 1513; x_wconf 86' lang='lat' dir='ltr'>profunditate</span> <span class='ocrx_word' id='word_1_62' title='bbox 759 1416 896 1510; x_wconf 90' lang='lat' dir='ltr'>pedum</span> <span class='ocrx_word' id='word_1_63' title='bbox 932 1412 1142 1508; x_wconf 90' lang='lat' dir='ltr'>quindecim</span> <span class='ocrx_word' id='word_1_64' title='bbox 1177 1439 1260 1485; x_wconf 91' lang='lat' dir='ltr'>cum</span> <span class='ocrx_word' id='word_1_65' title='bbox 1296 1413 1438 1486; x_wconf 89' lang='lat' dir='ltr'>triente.</span> <span class='ocrx_word' id='word_1_66' title='bbox 1496 1415 1645 1487; x_wconf 90' lang='lat' dir='ltr'>Deinde</span> <span class='ocrx_word' id='word_1_67' title='bbox 1680 1439 1727 1486; x_wconf 90' lang='lat' dir='ltr'>ex</span> <span class='ocrx_word' id='word_1_68' title='bbox 1761 1439 1845 1487; x_wconf 91' lang='lat' dir='ltr'>cera</span> 
     </span>
     <span class='ocr_line' id='line_1_10' title="bbox 394 1526 1847 1628; baseline -0.005 -23"><span class='ocrx_word' id='word_1_69' title='bbox 394 1532 430 1605; x_wconf 73' lang='grc' dir='ltr'>ἃ</span> <span class='ocrx_word' id='word_1_70' title='bbox 464 1530 617 1628; x_wconf 92' lang='lat' dir='ltr'>plumbo</span> <span class='ocrx_word' id='word_1_71' title='bbox 652 1529 792 1603; x_wconf 93' lang='lat' dir='ltr'>incluso</span> <span class='ocrx_word' id='word_1_72' title='bbox 809 1528 942 1628; x_wconf 85' lang='lat' dir='ltr'>globos</span> <span class='ocrx_word' id='word_1_73' title='bbox 973 1543 1134 1624; x_wconf 88' lang='lat' dir='ltr'>quatuor</span> <span class='ocrx_word' id='word_1_74' title='bbox 1162 1528 1329 1613; x_wconf 91' lang='lat' dir='ltr'>formavi,</span> <span class='ocrx_word' id='word_1_75' title='bbox 1361 1526 1527 1626; x_wconf 92' lang='lat' dir='ltr'>singulos</span> <span class='ocrx_word' id='word_1_76' title='bbox 1555 1528 1721 1625; x_wconf 90' lang='lat' dir='ltr'>pondere</span> <span class='ocrx_word' id='word_1_77' title='bbox 1758 1547 1847 1626; x_wconf 61' lang='lat'>139}</span> 
     </span>
     <span class='ocr_line' id='line_1_11' title="bbox 390 1645 1845 1745; baseline -0.001 -25"><span class='ocrx_word' id='word_1_78' title='bbox 390 1673 590 1745; x_wconf 90' lang='lat' dir='ltr'>granorum</span> <span class='ocrx_word' id='word_1_79' title='bbox 626 1648 662 1719; x_wconf 92' lang='lat' dir='ltr'>in</span> <span class='ocrx_word' id='word_1_80' title='bbox 697 1672 781 1719; x_wconf 90' lang='lat' dir='ltr'>aere</span> <span class='ocrx_word' id='word_1_81' title='bbox 817 1645 853 1718; x_wconf 65' lang='lat'>81</span> <span class='ocrx_word' id='word_1_82' title='bbox 891 1665 932 1743; x_wconf 55' lang='grc' dir='ltr'>γὲ</span> <span class='ocrx_word' id='word_1_83' title='bbox 965 1671 1164 1742; x_wconf 88' lang='lat' dir='ltr'>granorum</span> <span class='ocrx_word' id='word_1_84' title='bbox 1200 1646 1236 1717; x_wconf 91' lang='lat' dir='ltr'>in</span> <span class='ocrx_word' id='word_1_85' title='bbox 1271 1671 1376 1741; x_wconf 83' lang='lat' dir='ltr'>aqua</span> <span class='ocrx_word' id='word_1_86' title='bbox 1448 1647 1500 1718; x_wconf 88' lang='lat' dir='ltr'>Et</span> <span class='ocrx_word' id='word_1_87' title='bbox 1534 1646 1602 1719; x_wconf 91' lang='lat' dir='ltr'>hos</span> <span class='ocrx_word' id='word_1_88' title='bbox 1637 1646 1768 1718; x_wconf 88' lang='lat' dir='ltr'>demisi</span> <span class='ocrx_word' id='word_1_89' title='bbox 1802 1662 1845 1718; x_wconf 93' lang='lat' dir='ltr'>ut</span> 
     </span>
     <span class='ocr_line' id='line_1_12' title="bbox 392 1759 1845 1859; baseline 0 -24"><span class='ocrx_word' id='word_1_90' title='bbox 392 1779 560 1859; x_wconf 91' lang='lat' dir='ltr'>tempora</span> <span class='ocrx_word' id='word_1_91' title='bbox 590 1762 745 1835; x_wconf 87' lang='lat' dir='ltr'>cadendi</span> <span class='ocrx_word' id='word_1_92' title='bbox 777 1763 813 1834; x_wconf 92' lang='lat' dir='ltr'>in</span> <span class='ocrx_word' id='word_1_93' title='bbox 845 1788 943 1859; x_wconf 91' lang='lat' dir='ltr'>aqua</span> <span class='ocrx_word' id='word_1_94' title='bbox 977 1788 1044 1857; x_wconf 92' lang='lat' dir='ltr'>per</span> <span class='ocrx_word' id='word_1_95' title='bbox 1077 1759 1289 1857; x_wconf 90' lang='lat' dir='ltr'>pendulum,</span> <span class='ocrx_word' id='word_1_96' title='bbox 1320 1763 1368 1833; x_wconf 91' lang='lat' dir='ltr'>ad</span> <span class='ocrx_word' id='word_1_97' title='bbox 1399 1764 1652 1836; x_wconf 90' lang='lat' dir='ltr'>semi-minuta</span> <span class='ocrx_word' id='word_1_98' title='bbox 1681 1763 1845 1835; x_wconf 90' lang='lat' dir='ltr'>secunda</span> 
     </span>
     <span class='ocr_line' id='line_1_13' title="bbox 391 1877 1843 1975; baseline -0.001 -23"><span class='ocrx_word' id='word_1_99' title='bbox 391 1877 570 1964; x_wconf 89' lang='lat' dir='ltr'>oscillans,</span> <span class='ocrx_word' id='word_1_100' title='bbox 590 1903 850 1951; x_wconf 90' lang='lat' dir='ltr'>mensurarem.</span> <span class='ocrx_word' id='word_1_101' title='bbox 906 1877 1027 1964; x_wconf 86' lang='lat' dir='ltr'>Globi,</span> <span class='ocrx_word' id='word_1_102' title='bbox 1046 1878 1108 1949; x_wconf 95' lang='lat' dir='ltr'>ubi</span> <span class='ocrx_word' id='word_1_103' title='bbox 1135 1877 1435 1973; x_wconf 90' lang='lat' dir='ltr'>ponderabantur</span> <span class='ocrx_word' id='word_1_104' title='bbox 1452 1879 1488 1951; x_wconf 75' lang='grc' dir='ltr'>δι</span> <span class='ocrx_word' id='word_1_105' title='bbox 1506 1896 1635 1975; x_wconf 93' lang='lat' dir='ltr'>postea</span> <span class='ocrx_word' id='word_1_106' title='bbox 1652 1880 1843 1964; x_wconf 88' lang='lat' dir='ltr'>cadebant,</span> 
     </span>
     <span class='ocr_line' id='line_1_14' title="bbox 391 1993 1947 2092; baseline 0.003 -25"><span class='ocrx_word' id='word_1_107' title='bbox 391 1995 515 2092; x_wconf 82' lang='lat' dir='ltr'>frigidi</span> <span class='ocrx_word' id='word_1_108' title='bbox 550 2010 655 2067; x_wconf 84' lang='lat' dir='ltr'>erant</span> <span class='ocrx_word' id='word_1_109' title='bbox 690 1993 726 2067; x_wconf 82' lang='lat' dir='ltr'>8r</span> <span class='ocrx_word' id='word_1_110' title='bbox 760 1993 984 2090; x_wconf 89' lang='lat' dir='ltr'>aliquamdiu</span> <span class='ocrx_word' id='word_1_111' title='bbox 1029 1993 1151 2090; x_wconf 83' lang='lat' dir='ltr'>frigidi</span> <span class='ocrx_word' id='word_1_112' title='bbox 1192 2010 1423 2083; x_wconf 91' lang='lat' dir='ltr'>manserant;</span> <span class='ocrx_word' id='word_1_113' title='bbox 1468 1996 1555 2090; x_wconf 92' lang='lat' dir='ltr'>quia</span> <span class='ocrx_word' id='word_1_114' title='bbox 1589 1994 1688 2070; x_wconf 89' lang='lat' dir='ltr'>calor</span> <span class='ocrx_word' id='word_1_115' title='bbox 1722 2025 1843 2071; x_wconf 89' lang='lat' dir='ltr'>ceram</span> <span class='ocrx_word' id='word_1_116' title='bbox 1945 1995 1947 1998; x_wconf 62' lang='grc'><strong>’</strong></span> 
     </span>
     <span class='ocr_line' id='line_1_15' title="bbox 391 2108 1844 2210; baseline 0.004 -28"><span class='ocrx_word' id='word_1_117' title='bbox 391 2110 568 2195; x_wconf 86' lang='lat' dir='ltr'>rarefacit,</span> <span class='ocrx_word' id='word_1_118' title='bbox 601 2110 637 2182; x_wconf 71' lang='grc' dir='ltr'>ἃ</span> <span class='ocrx_word' id='word_1_119' title='bbox 671 2135 738 2206; x_wconf 91' lang='lat' dir='ltr'>per</span> <span class='ocrx_word' id='word_1_120' title='bbox 772 2108 1049 2183; x_wconf 88' lang='lat' dir='ltr'>rarefactionem</span> <span class='ocrx_word' id='word_1_121' title='bbox 1080 2109 1250 2182; x_wconf 92' lang='lat' dir='ltr'>diminuit</span> <span class='ocrx_word' id='word_1_122' title='bbox 1284 2110 1431 2205; x_wconf 90' lang='lat' dir='ltr'>pondus</span> <span class='ocrx_word' id='word_1_123' title='bbox 1465 2108 1566 2207; x_wconf 90' lang='lat' dir='ltr'>globi</span> <span class='ocrx_word' id='word_1_124' title='bbox 1602 2113 1637 2184; x_wconf 91' lang='lat' dir='ltr'>in</span> <span class='ocrx_word' id='word_1_125' title='bbox 1669 2139 1775 2210; x_wconf 88' lang='lat' dir='ltr'>aqua,</span> <span class='ocrx_word' id='word_1_126' title='bbox 1808 2114 1844 2188; x_wconf 71' lang='lat'>81</span> 
     </span>
     <span class='ocr_line' id='line_1_16' title="bbox 392 2214 1945 2327; baseline 0.002 -28"><span class='ocrx_word' id='word_1_127' title='bbox 392 2250 476 2299; x_wconf 92' lang='lat' dir='ltr'>cera</span> <span class='ocrx_word' id='word_1_128' title='bbox 519 2227 698 2300; x_wconf 89' lang='lat' dir='ltr'>rarefacta</span> <span class='ocrx_word' id='word_1_129' title='bbox 741 2252 814 2299; x_wconf 90' lang='lat' dir='ltr'>non</span> <span class='ocrx_word' id='word_1_130' title='bbox 858 2226 983 2298; x_wconf 91' lang='lat' dir='ltr'>statim</span> <span class='ocrx_word' id='word_1_131' title='bbox 1028 2225 1076 2297; x_wconf 91' lang='lat' dir='ltr'>ad</span> <span class='ocrx_word' id='word_1_132' title='bbox 1119 2225 1342 2298; x_wconf 90' lang='lat' dir='ltr'>densitatem</span> <span class='ocrx_word' id='word_1_133' title='bbox 1385 2226 1578 2322; x_wconf 90' lang='lat' dir='ltr'>pristinam</span> <span class='ocrx_word' id='word_1_134' title='bbox 1621 2253 1689 2323; x_wconf 90' lang='lat' dir='ltr'>per</span> <span class='ocrx_word' id='word_1_135' title='bbox 1729 2229 1845 2327; x_wconf 91' lang='lat' dir='ltr'>frigus</span> <span class='ocrx_word' id='word_1_136' title='bbox 1943 2214 1945 2217; x_wconf 29' lang='lat'>⁵</span> 
     </span>
     <span class='ocr_line' id='line_1_17' title="bbox 392 2341 1843 2440; baseline 0.002 -26"><span class='ocrx_word' id='word_1_137' title='bbox 392 2342 584 2418; x_wconf 91' lang='lat' dir='ltr'>reducitur.</span> <span class='ocrx_word' id='word_1_138' title='bbox 652 2344 868 2439; x_wconf 88' lang='lat' dir='ltr'>Antequam</span> <span class='ocrx_word' id='word_1_139' title='bbox 895 2342 1079 2430; x_wconf 89' lang='lat' dir='ltr'>caderent,</span> <span class='ocrx_word' id='word_1_140' title='bbox 1108 2341 1422 2438; x_wconf 87' lang='lat' dir='ltr'>immergebantur</span> <span class='ocrx_word' id='word_1_141' title='bbox 1447 2342 1594 2436; x_wconf 91' lang='lat' dir='ltr'>penitus</span> <span class='ocrx_word' id='word_1_142' title='bbox 1621 2344 1657 2415; x_wconf 90' lang='lat' dir='ltr'>in</span> <span class='ocrx_word' id='word_1_143' title='bbox 1684 2369 1843 2440; x_wconf 88' lang='lat' dir='ltr'>aquam;</span> 
     </span>
     <span class='ocr_line' id='line_1_18' title="bbox 391 2457 1864 2556; baseline 0.001 -25"><span class='ocrx_word' id='word_1_144' title='bbox 391 2484 439 2531; x_wconf 91' lang='lat' dir='ltr'>ne</span> <span class='ocrx_word' id='word_1_145' title='bbox 469 2460 635 2555; x_wconf 92' lang='lat' dir='ltr'>pondere</span> <span class='ocrx_word' id='word_1_146' title='bbox 664 2461 778 2556; x_wconf 91' lang='lat' dir='ltr'>partis</span> <span class='ocrx_word' id='word_1_147' title='bbox 808 2457 960 2555; x_wconf 88' lang='lat' dir='ltr'>alicujus</span> <span class='ocrx_word' id='word_1_148' title='bbox 990 2483 1038 2530; x_wconf 92' lang='lat' dir='ltr'>ex</span> <span class='ocrx_word' id='word_1_149' title='bbox 1067 2482 1165 2552; x_wconf 89' lang='lat' dir='ltr'>aqua</span> <span class='ocrx_word' id='word_1_150' title='bbox 1194 2459 1354 2531; x_wconf 90' lang='lat' dir='ltr'>extantis</span> <span class='ocrx_word' id='word_1_151' title='bbox 1385 2458 1585 2531; x_wconf 86' lang='lat' dir='ltr'>descensus</span> <span class='ocrx_word' id='word_1_152' title='bbox 1616 2485 1744 2533; x_wconf 90' lang='lat' dir='ltr'>eorum</span> <span class='ocrx_word' id='word_1_153' title='bbox 1775 2462 1864 2556; x_wconf 92' lang='lat' dir='ltr'>sub</span> 
     </span>
     <span class='ocr_line' id='line_1_19' title="bbox 391 2573 1842 2671; baseline 0.003 -24"><span class='ocrx_word' id='word_1_154' title='bbox 391 2575 495 2648; x_wconf 92' lang='lat' dir='ltr'>initio</span> <span class='ocrx_word' id='word_1_155' title='bbox 520 2573 791 2649; x_wconf 87' lang='lat' dir='ltr'>acceleraretur.</span> <span class='ocrx_word' id='word_1_156' title='bbox 866 2577 918 2648; x_wconf 88' lang='lat' dir='ltr'>Et</span> <span class='ocrx_word' id='word_1_157' title='bbox 942 2574 1005 2647; x_wconf 94' lang='lat' dir='ltr'>ubi</span> <span class='ocrx_word' id='word_1_158' title='bbox 1036 2574 1183 2670; x_wconf 91' lang='lat' dir='ltr'>penitus</span> <span class='ocrx_word' id='word_1_159' title='bbox 1210 2574 1370 2647; x_wconf 87' lang='lat' dir='ltr'>immersi</span> <span class='ocrx_word' id='word_1_160' title='bbox 1398 2575 1645 2671; x_wconf 90' lang='lat' dir='ltr'>quiescebant,</span> <span class='ocrx_word' id='word_1_161' title='bbox 1673 2577 1842 2652; x_wconf 92' lang='lat' dir='ltr'>demitte-</span> 
     </span>
     <span class='ocr_line' id='line_1_20' title="bbox 391 2687 1844 2787; baseline 0.004 -25"><span class='ocrx_word' id='word_1_162' title='bbox 391 2690 526 2764; x_wconf 88' lang='lat' dir='ltr'>bantur</span> <span class='ocrx_word' id='word_1_163' title='bbox 555 2717 667 2787; x_wconf 92' lang='lat' dir='ltr'>quam</span> <span class='ocrx_word' id='word_1_164' title='bbox 695 2692 915 2781; x_wconf 88' lang='lat' dir='ltr'>cautissime,</span> <span class='ocrx_word' id='word_1_165' title='bbox 945 2715 992 2764; x_wconf 90' lang='lat' dir='ltr'>ne</span> <span class='ocrx_word' id='word_1_166' title='bbox 1021 2687 1219 2785; x_wconf 88' lang='lat' dir='ltr'>impulsum</span> <span class='ocrx_word' id='word_1_167' title='bbox 1247 2689 1407 2785; x_wconf 91' lang='lat' dir='ltr'>aliquem</span> <span class='ocrx_word' id='word_1_168' title='bbox 1435 2716 1458 2762; x_wconf 93' lang='lat' dir='ltr'>a</span> <span class='ocrx_word' id='word_1_169' title='bbox 1486 2716 1596 2763; x_wconf 91' lang='lat' dir='ltr'>manu</span> <span class='ocrx_word' id='word_1_170' title='bbox 1625 2693 1844 2768; x_wconf 89' lang='lat' dir='ltr'>demittente</span> 
     </span>
     <span class='ocr_line' id='line_1_21' title="bbox 391 2807 1843 2911; baseline 0.003 -32"><span class='ocrx_word' id='word_1_171' title='bbox 391 2808 608 2902; x_wconf 91' lang='lat' dir='ltr'>acciperent.</span> <span class='ocrx_word' id='word_1_172' title='bbox 680 2808 903 2881; x_wconf 90' lang='lat' dir='ltr'>Ceciderunt</span> <span class='ocrx_word' id='word_1_173' title='bbox 928 2822 1052 2911; x_wconf 91' lang='lat' dir='ltr'>autem</span> <span class='ocrx_word' id='word_1_174' title='bbox 1083 2807 1291 2879; x_wconf 91' lang='lat' dir='ltr'>successive</span> <span class='ocrx_word' id='word_1_175' title='bbox 1322 2808 1550 2902; x_wconf 90' lang='lat' dir='ltr'>temporibus</span> <span class='ocrx_word' id='word_1_176' title='bbox 1576 2808 1843 2884; x_wconf 90' lang='lat' dir='ltr'>oscillationum</span> 
     </span>
     <span class='ocr_line' id='line_1_22' title="bbox 391 2920 1844 3021; baseline 0.003 -26"><span class='ocrx_word' id='word_1_177' title='bbox 391 2943 469 3021; x_wconf 52' lang='lat'>473,</span> <span class='ocrx_word' id='word_1_178' title='bbox 502 2927 580 3020; x_wconf 38' lang='lat'>483</span> <span class='ocrx_word' id='word_1_179' title='bbox 615 2944 661 3016; x_wconf 89' lang='lat'>50</span> <span class='ocrx_word' id='word_1_180' title='bbox 693 2923 729 2995; x_wconf 69' lang='lat'>81</span> <span class='ocrx_word' id='word_1_181' title='bbox 761 2944 816 3016; x_wconf 85' lang='lat'>51,</span> <span class='ocrx_word' id='word_1_182' title='bbox 848 2923 1098 2995; x_wconf 90' lang='lat' dir='ltr'>describentes</span> <span class='ocrx_word' id='word_1_183' title='bbox 1130 2920 1361 2996; x_wconf 90' lang='lat' dir='ltr'>altitudinem</span> <span class='ocrx_word' id='word_1_184' title='bbox 1397 2924 1535 3020; x_wconf 92' lang='lat' dir='ltr'>pedum</span> <span class='ocrx_word' id='word_1_185' title='bbox 1566 2926 1776 3021; x_wconf 90' lang='lat' dir='ltr'>quindecim</span> <span class='ocrx_word' id='word_1_186' title='bbox 1808 2928 1844 3000; x_wconf 69' lang='lat'>81</span> 
     </span>
     <span class='ocr_line' id='line_1_23' title="bbox 390 3038 1842 3139; baseline 0.003 -28"><span class='ocrx_word' id='word_1_187' title='bbox 390 3039 592 3136; x_wconf 88' lang='lat' dir='ltr'>digitorum</span> <span class='ocrx_word' id='word_1_188' title='bbox 614 3038 790 3111; x_wconf 87' lang='lat' dir='ltr'>duorum.</span> <span class='ocrx_word' id='word_1_189' title='bbox 845 3038 922 3111; x_wconf 92' lang='lat' dir='ltr'>Sed</span> <span class='ocrx_word' id='word_1_190' title='bbox 955 3054 1157 3134; x_wconf 86' lang='lat' dir='ltr'>tempestas</span> <span class='ocrx_word' id='word_1_191' title='bbox 1187 3040 1266 3135; x_wconf 90' lang='lat' dir='ltr'>jam</span> <span class='ocrx_word' id='word_1_192' title='bbox 1295 3038 1406 3136; x_wconf 92' lang='lat' dir='ltr'>paulo</span> <span class='ocrx_word' id='word_1_193' title='bbox 1435 3041 1604 3138; x_wconf 90' lang='lat' dir='ltr'>frigidior</span> <span class='ocrx_word' id='word_1_194' title='bbox 1626 3059 1705 3115; x_wconf 90' lang='lat' dir='ltr'>erat</span> <span class='ocrx_word' id='word_1_195' title='bbox 1731 3069 1842 3139; x_wconf 91' lang='lat' dir='ltr'>quam</span> 
     </span>
     <span class='ocr_line' id='line_1_24' title="bbox 390 3151 1842 3253; baseline 0.004 -26"><span class='ocrx_word' id='word_1_196' title='bbox 390 3179 474 3227; x_wconf 92' lang='lat' dir='ltr'>cum</span> <span class='ocrx_word' id='word_1_197' title='bbox 509 3151 609 3251; x_wconf 91' lang='lat' dir='ltr'>globi</span> <span class='ocrx_word' id='word_1_198' title='bbox 645 3153 953 3249; x_wconf 90' lang='lat' dir='ltr'>ponderabantur,</span> <span class='ocrx_word' id='word_1_199' title='bbox 986 3156 1145 3253; x_wconf 90' lang='lat' dir='ltr'>ideoque</span> <span class='ocrx_word' id='word_1_200' title='bbox 1180 3157 1310 3229; x_wconf 90' lang='lat' dir='ltr'>iteravi</span> <span class='ocrx_word' id='word_1_201' title='bbox 1344 3158 1638 3252; x_wconf 91' lang='lat' dir='ltr'>experimentum</span> <span class='ocrx_word' id='word_1_202' title='bbox 1669 3158 1741 3232; x_wconf 91' lang='lat' dir='ltr'>alio</span> <span class='ocrx_word' id='word_1_203' title='bbox 1772 3161 1842 3246; x_wconf 92' lang='lat' dir='ltr'>die,</span> 
     </span>
     <span class='ocr_line' id='line_1_25' title="bbox 392 3269 1843 3372; baseline 0.004 -28"><span class='ocrx_word' id='word_1_204' title='bbox 392 3270 428 3344; x_wconf 82' lang='lat' dir='ltr'>8r</span> <span class='ocrx_word' id='word_1_205' title='bbox 457 3269 559 3369; x_wconf 92' lang='lat' dir='ltr'>globi</span> <span class='ocrx_word' id='word_1_206' title='bbox 589 3271 800 3343; x_wconf 90' lang='lat' dir='ltr'>ceciderunt</span> <span class='ocrx_word' id='word_1_207' title='bbox 830 3273 1057 3368; x_wconf 88' lang='lat' dir='ltr'>temporibus</span> <span class='ocrx_word' id='word_1_208' title='bbox 1086 3271 1353 3347; x_wconf 91' lang='lat' dir='ltr'>oscillationum</span> <span class='ocrx_word' id='word_1_209' title='bbox 1385 3299 1443 3365; x_wconf 84' lang='lat'>49,</span> <span class='ocrx_word' id='word_1_210' title='bbox 1473 3295 1553 3372; x_wconf 62' lang='lat'>493„</span> <span class='ocrx_word' id='word_1_211' title='bbox 1582 3297 1628 3368; x_wconf 87' lang='lat'>50</span> <span class='ocrx_word' id='word_1_212' title='bbox 1660 3275 1695 3348; x_wconf 73' lang='lat' dir='ltr'>u</span> <span class='ocrx_word' id='word_1_213' title='bbox 1725 3298 1780 3369; x_wconf 84' lang='lat'>53,</span> <span class='ocrx_word' id='word_1_214' title='bbox 1800 3303 1843 3350; x_wconf 91' lang='lat' dir='ltr'>ac</span> 
     </span>
     <span class='ocr_line' id='line_1_26' title="bbox 390 3387 1843 3488; baseline 0.003 -27"><span class='ocrx_word' id='word_1_215' title='bbox 390 3390 499 3462; x_wconf 91' lang='lat' dir='ltr'>tertio</span> <span class='ocrx_word' id='word_1_216' title='bbox 526 3389 753 3484; x_wconf 91' lang='lat' dir='ltr'>temporibus</span> <span class='ocrx_word' id='word_1_217' title='bbox 779 3387 1046 3461; x_wconf 93' lang='lat' dir='ltr'>oscillationum</span> <span class='ocrx_word' id='word_1_218' title='bbox 1073 3408 1153 3486; x_wconf 67' lang='lat'>49,},</span> <span class='ocrx_word' id='word_1_219' title='bbox 1176 3410 1231 3482; x_wconf 88' lang='lat'>50,</span> <span class='ocrx_word' id='word_1_220' title='bbox 1262 3411 1303 3482; x_wconf 85' lang='lat'>51</span> <span class='ocrx_word' id='word_1_221' title='bbox 1336 3390 1372 3462; x_wconf 69' lang='lat'>81</span> <span class='ocrx_word' id='word_1_222' title='bbox 1398 3412 1454 3484; x_wconf 86' lang='lat'>53.</span> <span class='ocrx_word' id='word_1_223' title='bbox 1510 3392 1562 3464; x_wconf 89' lang='lat' dir='ltr'>Et</span> <span class='ocrx_word' id='word_1_224' title='bbox 1589 3391 1843 3488; x_wconf 89' lang='lat' dir='ltr'>experimento</span> 
     </span>
     <span class='ocr_line' id='line_1_27' title="bbox 390 3503 1842 3604; baseline 0.002 -25"><span class='ocrx_word' id='word_1_225' title='bbox 390 3507 527 3602; x_wconf 84' lang='lat' dir='ltr'>saepius</span> <span class='ocrx_word' id='word_1_226' title='bbox 578 3521 695 3601; x_wconf 92' lang='lat' dir='ltr'>capto,</span> <span class='ocrx_word' id='word_1_227' title='bbox 739 3503 841 3603; x_wconf 93' lang='lat' dir='ltr'>globi</span> <span class='ocrx_word' id='word_1_228' title='bbox 892 3504 1104 3578; x_wconf 90' lang='lat' dir='ltr'>ceciderunt</span> <span class='ocrx_word' id='word_1_229' title='bbox 1155 3506 1316 3577; x_wconf 87' lang='lat' dir='ltr'>maxima</span> <span class='ocrx_word' id='word_1_230' title='bbox 1358 3532 1406 3579; x_wconf 87' lang='lat' dir='ltr'>ex</span> <span class='ocrx_word' id='word_1_231' title='bbox 1457 3522 1561 3603; x_wconf 91' lang='lat' dir='ltr'>parte</span> <span class='ocrx_word' id='word_1_232' title='bbox 1614 3510 1842 3604; x_wconf 90' lang='lat' dir='ltr'>temporibus</span> 
     </span>
     <span class='ocr_line' id='line_1_28' title="bbox 390 3620 1842 3721; baseline 0.003 -25"><span class='ocrx_word' id='word_1_233' title='bbox 390 3621 657 3696; x_wconf 92' lang='lat' dir='ltr'>oscillationum</span> <span class='ocrx_word' id='word_1_234' title='bbox 693 3641 762 3719; x_wconf 51' lang='lat'>49}</span> <span class='ocrx_word' id='word_1_235' title='bbox 798 3620 833 3693; x_wconf 84' lang='lat'>&amp;</span> <span class='ocrx_word' id='word_1_236' title='bbox 870 3643 925 3715; x_wconf 84' lang='lat'>50.</span> <span class='ocrx_word' id='word_1_237' title='bbox 994 3622 1072 3694; x_wconf 93' lang='lat' dir='ltr'>Ubi</span> <span class='ocrx_word' id='word_1_238' title='bbox 1107 3622 1247 3695; x_wconf 88' lang='lat' dir='ltr'>tardius</span> <span class='ocrx_word' id='word_1_239' title='bbox 1282 3623 1457 3710; x_wconf 90' lang='lat' dir='ltr'>cecidere,</span> <span class='ocrx_word' id='word_1_240' title='bbox 1489 3627 1657 3721; x_wconf 91' lang='lat' dir='ltr'>suspicor</span> <span class='ocrx_word' id='word_1_241' title='bbox 1689 3628 1842 3700; x_wconf 91' lang='lat' dir='ltr'>eosdem</span> 
     </span>
     <span class='ocr_line' id='line_1_29' title="bbox 390 3736 1296 3837; baseline -0.003 -23"><span class='ocrx_word' id='word_1_242' title='bbox 390 3740 595 3814; x_wconf 89' lang='lat' dir='ltr'>retardatos</span> <span class='ocrx_word' id='word_1_243' title='bbox 611 3738 725 3811; x_wconf 91' lang='lat' dir='ltr'>fuisse</span> <span class='ocrx_word' id='word_1_244' title='bbox 743 3739 983 3837; x_wconf 91' lang='lat' dir='ltr'>impingendo</span> <span class='ocrx_word' id='word_1_245' title='bbox 1002 3739 1036 3809; x_wconf 91' lang='lat' dir='ltr'>in</span> <span class='ocrx_word' id='word_1_246' title='bbox 1056 3736 1171 3810; x_wconf 90' lang='lat' dir='ltr'>latera</span> <span class='ocrx_word' id='word_1_247' title='bbox 1187 3739 1296 3811; x_wconf 92' lang='lat' dir='ltr'>vasis.</span> 
     </span>
    </p>

    <p class='ocr_par' dir='ltr' id='par_1_4' title="bbox 387 3855 1842 4765">
     <span class='ocr_line' id='line_1_30' title="bbox 455 3855 1841 3955; baseline 0.002 -27"><span class='ocrx_word' id='word_1_248' title='bbox 455 3857 540 3952; x_wconf 87' lang='lat' dir='ltr'>Jam</span> <span class='ocrx_word' id='word_1_249' title='bbox 576 3871 789 3951; x_wconf 93' lang='lat' dir='ltr'>computum</span> <span class='ocrx_word' id='word_1_250' title='bbox 824 3882 891 3952; x_wconf 93' lang='lat' dir='ltr'>per</span> <span class='ocrx_word' id='word_1_251' title='bbox 922 3856 1100 3928; x_wconf 90' lang='lat' dir='ltr'>theoriam</span> <span class='ocrx_word' id='word_1_252' title='bbox 1136 3855 1307 3940; x_wconf 90' lang='lat' dir='ltr'>ineundo,</span> <span class='ocrx_word' id='word_1_253' title='bbox 1340 3855 1525 3951; x_wconf 93' lang='lat' dir='ltr'>prodeunt</span> <span class='ocrx_word' id='word_1_254' title='bbox 1559 3858 1704 3953; x_wconf 92' lang='lat' dir='ltr'>pondus</span> <span class='ocrx_word' id='word_1_255' title='bbox 1739 3856 1841 3955; x_wconf 91' lang='lat' dir='ltr'>globi</span> 
     </span>
     <span class='ocr_line' id='line_1_31' title="bbox 390 3971 1842 4070; baseline 0.002 -26"><span class='ocrx_word' id='word_1_256' title='bbox 390 3973 426 4045; x_wconf 94' lang='lat' dir='ltr'>in</span> <span class='ocrx_word' id='word_1_257' title='bbox 454 3999 572 4046; x_wconf 92' lang='lat' dir='ltr'>vacuo</span> <span class='ocrx_word' id='word_1_258' title='bbox 604 3992 693 4070; x_wconf 64' lang='lat'>139}</span> <span class='ocrx_word' id='word_1_259' title='bbox 717 3998 925 4069; x_wconf 92' lang='lat' dir='ltr'>granorum.</span> <span class='ocrx_word' id='word_1_260' title='bbox 1000 3972 1187 4043; x_wconf 90' lang='lat' dir='ltr'>Excessus</span> <span class='ocrx_word' id='word_1_261' title='bbox 1213 3971 1322 4069; x_wconf 89' lang='lat' dir='ltr'>hujus</span> <span class='ocrx_word' id='word_1_262' title='bbox 1353 3973 1528 4067; x_wconf 92' lang='lat' dir='ltr'>ponderis</span> <span class='ocrx_word' id='word_1_263' title='bbox 1554 4000 1665 4070; x_wconf 92' lang='lat' dir='ltr'>supra</span> <span class='ocrx_word' id='word_1_264' title='bbox 1695 3977 1842 4070; x_wconf 92' lang='lat' dir='ltr'>pondus</span> 
     </span>
     <span class='ocr_line' id='line_1_32' title="bbox 388 4084 1842 4186; baseline 0.002 -26"><span class='ocrx_word' id='word_1_265' title='bbox 388 4087 490 4186; x_wconf 91' lang='lat' dir='ltr'>globi</span> <span class='ocrx_word' id='word_1_266' title='bbox 527 4089 562 4160; x_wconf 92' lang='lat' dir='ltr'>in</span> <span class='ocrx_word' id='word_1_267' title='bbox 597 4113 694 4183; x_wconf 89' lang='lat' dir='ltr'>aqua</span> <span class='ocrx_word' id='word_1_268' title='bbox 734 4113 745 4158; x_wconf 93' lang='lat'><em>1</em></span> <span class='ocrx_word' id='word_1_269' title='bbox 755 4108 844 4186; x_wconf 43' lang='lat'>3251,</span> <span class='ocrx_word' id='word_1_270' title='bbox 870 4112 982 4184; x_wconf 83' lang='lat' dir='ltr'>gran.</span> <span class='ocrx_word' id='word_1_271' title='bbox 1049 4086 1243 4159; x_wconf 89' lang='lat' dir='ltr'>Diameter</span> <span class='ocrx_word' id='word_1_272' title='bbox 1275 4084 1376 4183; x_wconf 91' lang='lat' dir='ltr'>globi</span> <span class='ocrx_word' id='word_1_273' title='bbox 1410 4093 1572 4180; x_wconf 87' lang='lat' dir='ltr'>o‚99868</span> <span class='ocrx_word' id='word_1_274' title='bbox 1607 4091 1678 4186; x_wconf 67' lang='lat' dir='ltr'>dag.</span> <span class='ocrx_word' id='word_1_275' title='bbox 1745 4091 1842 4164; x_wconf 94' lang='lat' dir='ltr'>Octo</span> 
     </span>
     <span class='ocr_line' id='line_1_33' title="bbox 389 4202 1838 4304; baseline 0.002 -27"><span class='ocrx_word' id='word_1_276' title='bbox 389 4206 507 4278; x_wconf 84' lang='lat' dir='ltr'>tertiae</span> <span class='ocrx_word' id='word_1_277' title='bbox 543 4220 666 4300; x_wconf 93' lang='lat' dir='ltr'>partes</span> <span class='ocrx_word' id='word_1_278' title='bbox 702 4205 870 4276; x_wconf 91' lang='lat' dir='ltr'>diametri</span> <span class='ocrx_word' id='word_1_279' title='bbox 915 4209 1072 4295; x_wconf 83' lang='lat'>2‚66315</span> <span class='ocrx_word' id='word_1_280' title='bbox 1108 4203 1181 4298; x_wconf 63' lang='lat' dir='ltr'>dags.</span> <span class='ocrx_word' id='word_1_281' title='bbox 1253 4202 1424 4298; x_wconf 88' lang='lat' dir='ltr'>Spatium</span> <span class='ocrx_word' id='word_1_282' title='bbox 1471 4229 1488 4275; x_wconf 94' lang='lat'>2</span> <span class='ocrx_word' id='word_1_283' title='bbox 1522 4205 1553 4276; x_wconf 89' lang='lat' dir='ltr'>F</span> <span class='ocrx_word' id='word_1_284' title='bbox 1599 4210 1733 4290; x_wconf 85' lang='lat'>2,8066</span> <span class='ocrx_word' id='word_1_285' title='bbox 1767 4207 1838 4304; x_wconf 73' lang='lat' dir='ltr'>dig.</span> 
     </span>
     <span class='ocr_line' id='line_1_34' title="bbox 389 4317 1841 4417; baseline 0.001 -23"><span class='ocrx_word' id='word_1_286' title='bbox 389 4320 561 4417; x_wconf 88' lang='lat' dir='ltr'>Spatium</span> <span class='ocrx_word' id='word_1_287' title='bbox 588 4319 689 4416; x_wconf 93' lang='lat' dir='ltr'>quod</span> <span class='ocrx_word' id='word_1_288' title='bbox 718 4317 852 4416; x_wconf 90' lang='lat' dir='ltr'>globus</span> <span class='ocrx_word' id='word_1_289' title='bbox 878 4321 1056 4416; x_wconf 84' lang='lat' dir='ltr'>pondere·</span> <span class='ocrx_word' id='word_1_290' title='bbox 1074 4338 1114 4417; x_wconf 55' lang='grc' dir='ltr'>γὲ</span> <span class='ocrx_word' id='word_1_291' title='bbox 1144 4344 1353 4416; x_wconf 90' lang='lat' dir='ltr'>granorum,</span> <span class='ocrx_word' id='word_1_292' title='bbox 1382 4322 1548 4416; x_wconf 87' lang='lat' dir='ltr'>tempore</span> <span class='ocrx_word' id='word_1_293' title='bbox 1575 4323 1704 4395; x_wconf 91' lang='lat' dir='ltr'>minuti</span> <span class='ocrx_word' id='word_1_294' title='bbox 1734 4326 1841 4397; x_wconf 91' lang='lat' dir='ltr'>unius</span> 
     </span>
     <span class='ocr_line' id='line_1_35' title="bbox 388 4436 1841 4536; baseline 0.003 -27"><span class='ocrx_word' id='word_1_295' title='bbox 388 4438 550 4521; x_wconf 89' lang='lat' dir='ltr'>secundi,</span> <span class='ocrx_word' id='word_1_296' title='bbox 570 4437 649 4509; x_wconf 92' lang='lat' dir='ltr'>sine</span> <span class='ocrx_word' id='word_1_297' title='bbox 676 4436 884 4509; x_wconf 89' lang='lat' dir='ltr'>resistentia</span> <span class='ocrx_word' id='word_1_298' title='bbox 910 4436 1078 4518; x_wconf 90' lang='lat' dir='ltr'>cadendo</span> <span class='ocrx_word' id='word_1_299' title='bbox 1102 4436 1275 4508; x_wconf 90' lang='lat' dir='ltr'>describit</span> <span class='ocrx_word' id='word_1_300' title='bbox 1302 4440 1462 4528; x_wconf 80' lang='lat'>9,88164</span> <span class='ocrx_word' id='word_1_301' title='bbox 1487 4438 1558 4534; x_wconf 71' lang='lat' dir='ltr'>dig.</span> <span class='ocrx_word' id='word_1_302' title='bbox 1616 4438 1668 4510; x_wconf 91' lang='lat' dir='ltr'>Et</span> <span class='ocrx_word' id='word_1_303' title='bbox 1694 4455 1841 4536; x_wconf 90' lang='lat' dir='ltr'>tempus</span> 
     </span>
     <span class='ocr_line' id='line_1_36' title="bbox 389 4550 1839 4650; baseline 0.001 -23"><span class='ocrx_word' id='word_1_304' title='bbox 389 4555 427 4626; x_wconf 89' lang='lat' dir='ltr'>G</span> <span class='ocrx_word' id='word_1_305' title='bbox 453 4553 674 4645; x_wconf 86' lang='lat' dir='ltr'>o&#39;&#39;‚376843.</span> <span class='ocrx_word' id='word_1_306' title='bbox 740 4551 884 4625; x_wconf 87' lang='lat' dir='ltr'>Globus</span> <span class='ocrx_word' id='word_1_307' title='bbox 911 4552 1029 4649; x_wconf 91' lang='lat' dir='ltr'>igitur,</span> <span class='ocrx_word' id='word_1_308' title='bbox 1049 4550 1245 4624; x_wconf 89' lang='lat' dir='ltr'>velocitate</span> <span class='ocrx_word' id='word_1_309' title='bbox 1272 4554 1441 4638; x_wconf 90' lang='lat' dir='ltr'>maxima,</span> <span class='ocrx_word' id='word_1_310' title='bbox 1469 4580 1627 4650; x_wconf 92' lang='lat' dir='ltr'>quacum</span> <span class='ocrx_word' id='word_1_311' title='bbox 1653 4571 1777 4650; x_wconf 92' lang='lat' dir='ltr'>potest</span> <span class='ocrx_word' id='word_1_312' title='bbox 1804 4558 1839 4629; x_wconf 95' lang='lat' dir='ltr'>in</span> 
     </span>
     <span class='ocr_line' id='line_1_37' title="bbox 387 4667 1839 4765; baseline 0.003 -24"><span class='ocrx_word' id='word_1_313' title='bbox 387 4693 486 4764; x_wconf 92' lang='lat' dir='ltr'>aqua</span> <span class='ocrx_word' id='word_1_314' title='bbox 511 4668 548 4740; x_wconf 93' lang='lat' dir='ltr'>vi</span> <span class='ocrx_word' id='word_1_315' title='bbox 579 4667 753 4762; x_wconf 92' lang='lat' dir='ltr'>ponderis</span> <span class='ocrx_word' id='word_1_316' title='bbox 784 4687 824 4765; x_wconf 54' lang='grc' dir='ltr'>γὲ</span> <span class='ocrx_word' id='word_1_317' title='bbox 853 4692 1051 4765; x_wconf 91' lang='lat' dir='ltr'>granorum</span> <span class='ocrx_word' id='word_1_318' title='bbox 1078 4667 1316 4753; x_wconf 89' lang='lat' dir='ltr'>descendere,</span> <span class='ocrx_word' id='word_1_319' title='bbox 1344 4685 1511 4765; x_wconf 92' lang='lat' dir='ltr'>tempore</span> <span class='ocrx_word' id='word_1_320' title='bbox 1536 4669 1743 4765; x_wconf 84' lang='lat' dir='ltr'>o&#39;&#39;,376843</span> <span class='ocrx_word' id='word_1_321' title='bbox 1776 4674 1839 4747; x_wconf 90' lang='lat' dir='ltr'>de-</span> 
     </span>
    </p>
   </div>
   <div class='ocr_carea' id='block_1_3' title="bbox 0 0 2060 5782">
    <p class='ocr_par' dir='ltr' id='par_1_5' title="bbox 0 0 2060 5782">
     <span class='ocr_line' id='line_1_38' title="bbox 0 0 2060 5782; baseline 0 0"><span class='ocrx_word' id='word_1_322' title='bbox 0 0 2060 5782; x_wconf 95' lang='lat' dir='ltr'> </span> 
     </span>
    </p>
   </div>
  </div>
 </body>
</html>
