4110 5782
849 472 1193 535 crearemus.
1708 494 1751 567 73

297 670 345 743 ad
361 669 451 755 ΕΒ,
470 667 540 742 hoc
558 683 624 754 est,
643 683 684 740 ut
701 667 836 740 SCad
854 666 1181 754 SB;&vicissim
1199 667 1332 742 ICad
1351 668 1479 742 SCut
1496 669 1591 741 ΗΒ
1606 670 1655 742 ad
1673 671 1754 744 SB

296 787 377 860 sive
394 802 435 858 ut
456 786 492 859 G
501 785 542 857 A
567 785 616 857 ad
642 784 677 857 S
687 784 740 858 A.
797 784 849 856 Et
866 783 975 856 simili
993 799 1214 883 argumento
1240 786 1455 881 probabitur
1480 810 1563 858 esse
1588 786 1635 858 K
1644 786 1688 857 D
1704 785 1754 859 ad

297 904 381 976 SD
397 902 434 974 in
461 901 593 974 eadem
620 901 771 974 ratione.
824 900 957 995 Jacent
974 926 1064 999 ergo
1081 917 1219 997 puncta
1235 903 1282 988 B,
1306 903 1344 988 C,
1363 903 1407 974 D
1427 902 1462 974 in
1481 902 1564 975 coni
1590 901 1754 975 sectione

295 1019 392 1091 circa
416 1016 629 1090 umbilicum
656 1018 690 1090 S
713 1018 764 1089 ita
789 1016 983 1112 descripta
1002 1034 1044 1091 ut
1070 1035 1180 1092 rectae
1206 1044 1345 1104 omnes,
1373 1020 1421 1091 ab
1447 1016 1622 1090 umbilico
1649 1017 1683 1090 S
1705 1018 1754 1091 ad

295 1133 441 1231 singula
458 1134 631 1207 sectionis
662 1148 799 1229 puncta
815 1134 946 1220 ductae,
966 1135 1040 1208 sint
1063 1135 1111 1208 ad
1129 1133 1392 1231 perpendicula
1408 1160 1431 1207 a
1448 1134 1595 1230 punctis
1621 1132 1754 1207 iisdem

293 1252 344 1325 ad
363 1267 499 1325 rectam
521 1251 608 1323 GF
619 1250 781 1323 demissa
799 1251 836 1324 in
853 1251 942 1324 data
959 1248 1020 1323 illa
1039 1252 1188 1324 ratione.

368 1368 553 1441 Methodo
586 1367 686 1440 haud
722 1365 877 1440 multum
912 1367 1079 1441 dissimili
1115 1368 1224 1466 hujus
1259 1365 1498 1464 problematis
1533 1364 1753 1439 solutionem

299 1485 413 1558 tradit
437 1482 660 1557 clarissimus
684 1501 877 1582 geometra
900 1485 944 1558 de
967 1487 1006 1558 la
1031 1485 1142 1574 Hire,
1170 1485 1380 1558 conicorum
1407 1508 1557 1556 suorum
1580 1481 1641 1555 lib.
1671 1504 1749 1554 vul.

299 1625 404 1696 prop.
425 1624 512 1674 xxv.

788 1744 1117 1854 'sncr10
1174 1779 1225 1854 u

579 1933 748 2006 Iuventio
764 1934 907 2007 orbium
925 1935 991 2007 ubi
1004 1933 1197 2007 umbilicus
1213 1944 1341 2007 neuter
1355 1932 1479 2005 datur.

793 2193 1048 2266 LEMMA
1105 2192 1274 2267 XVII.

301 2340 351 2413 Si
381 2365 405 2413 a
437 2340 534 2413 date
564 2340 693 2413 conicoe
723 2344 884 2416 sectionis
909 2354 1049 2440 puncto
1081 2342 1207 2441 quovzk
1243 2343 1272 2416 P
1314 2341 1369 2415 ad
1406 2345 1563 2440 trapezii
1598 2346 1758 2442 alc‘cujus

370 2457 407 2528 A
425 2457 454 2529 B
473 2458 510 2531 D
526 2457 569 2548 C,
597 2459 637 2530 in
665 2460 785 2532 conica
811 2461 880 2533 illa
904 2461 1052 2533 sectione
1079 2459 1257 2555 inscripti,
1285 2460 1403 2532 latera
1427 2471 1590 2558 quatuor
1613 2463 1761 2560 infinite

359 2574 544 2670 producta
570 2576 607 2647 A
626 2576 667 2665 B,
689 2576 720 2649 C
737 2577 786 2666 D,
807 2577 843 2649 A
858 2578 900 2666 C,
924 2579 961 2650 D
976 2577 1005 2648 B
1033 2575 1177 2648 lotidem
1203 2585 1307 2647 rectoe
1333 2576 1361 2648 P
1375 2576 1423 2670 Q,
1455 2578 1482 2650 Ρ
1498 2578 1544 2668 R,
1575 2579 1656 2669 PS,
1679 2579 1756 2653 PT

369 2691 410 2763 in
443 2690 542 2766 dctis
583 2693 732 2788 angulis
773 2693 968 2782 ducantur,
1003 2693 1161 2788 singulte
1200 2691 1254 2762 ad
1290 2692 1462 2789 singula:
1506 2696 1757 2792 reclangulum

368 2805 565 2879 ductarum
590 2808 644 2879 ad
663 2811 824 2904 opposita
848 2809 920 2882 duo
945 2810 1064 2882 latera
1092 2805 1209 2899 PQx
1226 2805 1254 2877 P
1269 2807 1315 2896 R,
1332 2809 1405 2881 erit
1427 2810 1481 2881 ad
1503 2811 1757 2907 reclangulum

367 2923 564 2997 ductarum
582 2926 635 2997 ad
646 2927 725 2998 alce
741 2928 813 3000 duo
831 2929 948 3001 hiera
965 2926 1124 3024 opposita
1145 2924 1212 2997 PS
1229 2948 1253 2995 x
1271 2922 1347 2995 PT
1365 2924 1406 2997 in
1423 2925 1511 2998 dcte
1530 2927 1677 3002 ratc'onc.

371 3104 450 3178 Cas.
486 3130 514 3178 1.
551 3105 737 3179 Ponamus
755 3107 875 3203 primo
892 3107 1009 3181 lineas
1026 3105 1074 3179 ad
1092 3104 1264 3201 opposita
1281 3101 1397 3177 latera
1414 3105 1544 3179 ductas
1562 3104 1757 3200 parallelas

298 3246 385 3295 esse
414 3220 577 3295 alterutri
609 3221 832 3320 reliquorum
862 3222 1027 3308 laterum,
1056 3236 1146 3319 puta
1175 3220 1259 3310 PQ
1291 3220 1327 3293 81
1344 3221 1432 3295 PR
1459 3219 1563 3295 lateri
1594 3222 1635 3294 A
1652 3223 1692 3308 C,
1720 3220 1757 3294 &

299 3336 386 3409 PS
399 3362 443 3410 ac
464 3339 503 3408 P
522 3337 561 3410 T
578 3336 682 3412 lateri
717 3340 758 3411 A
773 3340 821 3413 B.
892 3340 1051 3435 Sintque
1078 3339 1227 3433 insuper
1251 3335 1367 3410 latera
1392 3337 1468 3411 duo
1493 3362 1540 3411 ex
1566 3338 1756 3433 oppositis,

299 3467 392 3548 puta
409 3453 450 3524 A
470 3454 506 3525 C
529 3453 565 3526 8c
581 3455 680 3540 BD,
699 3456 768 3528 sibi
788 3456 946 3529 invicem
964 3451 1146 3551 parallela.
1220 3453 1273 3526 Et
1299 3470 1407 3540 recta
1427 3480 1511 3551 quae
1535 3455 1675 3529 bisecat
1692 3480 1755 3551 pa·

300 3566 428 3642 rallela
454 3568 515 3642 illa
540 3568 663 3657 latera,
682 3572 752 3646 erit
778 3598 852 3646 una
877 3599 924 3646 ex
941 3571 1132 3645 diametris
1158 3569 1295 3643 conicae
1321 3571 1505 3656 sectionis,
1525 3570 1562 3643 ἃ
1578 3572 1757 3645 bisecabit

301 3685 414 3759 etiam
441 3686 536 3776 RQ.
609 3688 667 3760 Sit
703 3690 738 3762 0
767 3706 944 3784 punctum
980 3691 1016 3762 in

280 3825 379 3897 *quo
412 3801 499 3891 RQ
534 3803 725 3891 bisecatur‚
758 3805 794 3878 81
834 3806 903 3879 erit
935 3807 1021 3879 Po

300 3917 498 3991 ordinatim
524 3919 708 4015 applicata
725 3921 773 3994 ad
798 3923 1018 3996 diametrum

305 4031 414 4106 illam.
489 4034 632 4109 Produc
658 4039 743 4111 ΡΟ
769 4038 947 4126 adK,ut
972 4042 1020 4114 sit

306 4149 398 4223 ΘΚ
419 4150 571 4247 aequalis
596 4154 685 4239 ΡΟ,
705 4154 829 4228 &erit
856 4157 943 4229 OK
961 4183 1017 4231 or·

302 4265 459 4338 dinatim
508 4266 691 4364 applicata
729 4271 777 4343 ad
820 4274 1019 4346 contrarias

303 4397 427 4477 partes
442 4382 619 4458 diametri.
651 4385 746 4459 Cum
761 4387 872 4485 igitur
884 4407 1021 4485 puncta

302 4498 355 4584 A,
381 4498 430 4585 B,
456 4499 496 4571 P
528 4500 565 4573 &
598 4501 647 4573 K
677 4502 751 4575 sint
781 4504 828 4576 ad
855 4506 1018 4580 conicam

303 4615 518 4701 sectionem,
546 4616 583 4689 &
612 4618 710 4691 PK
731 4635 832 4693 secet
861 4621 902 4693 A
917 4623 957 4694 B
983 4623 1019 4696 in

303 4731 395 4805 dato
428 4730 577 4831 angulo,
613 4735 682 4808 erit
714 4734 796 4833 (per
820 4762 923 4834 prop.
967 4760 1019 4832 17,

307 4872 360 4938 19,
390 4873 430 4922 21
465 4848 502 4921 &
529 4874 574 4942 23
602 4849 661 4926 lib.
697 4877 774 4926 111.
808 4855 1018 4930 conicorum
