4110 5782
488 447 560 516 310
969 426 1035 482 DE
1056 426 1160 485 MOT
1161 427 1193 486 U
1212 426 1467 486 CORPORUM

485 621 555 693 dus
589 617 689 717 globi
725 619 844 713 aquei,
877 644 951 713 quo
987 634 1153 714 tempore
1186 618 1319 717 globus
1359 646 1442 693 cum
1478 618 1673 692 velocitate
1708 619 1939 693 uniformiter

486 738 699 812 continuata
741 734 925 806 describat
968 732 1235 831 longitudinem
1279 737 1478 833 digitorum
1520 742 1663 829 3ο,556,
1703 734 1937 809 velocitatem

486 854 583 928 illam
622 878 771 926 omnem
803 853 840 924 in
878 851 992 949 globo
1026 854 1182 926 cadente
1207 880 1386 950 generare
1417 869 1569 951 posset;
1614 853 1850 926 manifestum
1881 868 1939 925 est

486 972 587 1069 quod
616 973 673 1044 vis
702 972 920 1043 resistentiae
948 971 1080 1044 eodem
1111 988 1279 1067 tempore
1310 973 1539 1046 uniformiter
1568 973 1780 1046 continuata
1811 971 1939 1046 tollere

486 1105 614 1186 posset
631 1085 863 1160 velocitatem
887 1087 1066 1159 minorem
1085 1089 1121 1159 in
1147 1089 1287 1160 ratione
1312 1113 1323 1159 1
1347 1089 1394 1161 ad
1415 1089 1536 1181 376161,
1556 1089 1626 1161 hoc
1647 1103 1713 1177 est,
1733 1086 1939 1161 velocitatis

487 1268 600 1342 totius
635 1282 778 1362 partem
814 1229 947 1419 {736}
1005 1264 1057 1334 Et
1082 1250 1291 1359 propterea*
1309 1291 1383 1359 quo
1410 1280 1576 1359 tempore
1605 1265 1749 1362 globus,
1781 1289 1825 1337 ea
1855 1288 1940 1336 cum

487 1429 683 1503 velocitate
719 1427 948 1500 uniformiter
981 1427 1202 1512 continuata,
1238 1424 1506 1523 longitudinem
1546 1429 1809 1503 semidiametri
1849 1453 1938 1512 suae,

488 1571 554 1620 seu
589 1546 789 1643 digitorum
823 1542 896 1635 3135,
926 1543 1133 1616 describere
1168 1560 1303 1638 posset,
1339 1543 1472 1616 eodem
1507 1546 1692 1618 amitteret
1726 1560 1848 1618 motus
1883 1542 1941 1615 sui

487 1679 630 1760 partem
649 1664 738 1742 odra.

566 1782 819 1855 Numerabam
839 1781 950 1853 etiam
969 1779 1214 1853 oscillationes
1232 1781 1366 1876 quibus
1393 1780 1594 1877 pendulum
1622 1801 1790 1879 quartam
1817 1800 1942 1858 motus

487 1901 544 1973 sui
575 1915 720 1995 partem
749 1901 881 1972 amisit.
939 1899 983 1971 ln
1018 1915 1198 1995 sequente
1233 1900 1358 1973 tabula
1393 1903 1534 1974 numeri
1565 1906 1726 1999 supremi
1761 1906 1944 1979 denotant

487 2015 757 2114 longitudinem
783 2041 888 2089 arcus
915 2015 1095 2088 descensu
1127 2017 1247 2111 primo
1277 2016 1460 2111 descripti,
1489 2019 1524 2089 in
1556 2020 1681 2116 digitis
1711 2022 1746 2094 81
1776 2025 1943 2119 partibus
1972 2000 1975 2005 ⁷

488 2133 594 2231 digiti
638 2159 883 2229 expressam:
932 2134 1073 2205 numeri
1118 2133 1229 2205 medii
1273 2132 1482 2229 significant
1524 2134 1792 2233 longitudinem
1835 2169 1943 2216 arcus

488 2274 643 2323 ascensu
671 2248 801 2323 ultimo
831 2249 1028 2346 descripti;
1059 2249 1095 2321 &
1112 2248 1193 2322 loco
1221 2248 1347 2321 infimo
1375 2265 1474 2323 stant
1493 2255 1634 2326 numeri
1661 2256 1939 2333 oscillationum.

491 2368 798 2464 Experimentum
817 2368 993 2463 descripsi
1013 2382 1188 2462 tanquam
1216 2367 1333 2463 magis
1351 2384 1560 2441 accuratum
1580 2396 1689 2465 quam
1709 2400 1792 2446 cum
1819 2390 1943 2449 motus

488 2511 574 2581 pars
593 2501 736 2558 tantum
754 2500 886 2557 octava
903 2485 1140 2559 amitteretur.
1195 2481 1385 2555 Calculum
1405 2499 1522 2556 tentet
1540 2488 1602 2580 qui
1621 2487 1729 2562 volet.

640 2669 838 2739 Descensus
846 2666 999 2760 prc'mus
1143 2690 1161 2735 2
1266 2689 1290 2755 4
1394 2669 1415 2736 8
1499 2672 1540 2738 16
1620 2693 1663 2761 32
1744 2678 1791 2763 64

639 2783 824 2854 Ascensus
840 2783 995 2853 ultimus
1145 2781 1182 2860 Il
1267 2805 1286 2874 3
1393 2788 1415 2852 6
1499 2807 1545 2883 12
1621 2809 1666 2876 24
1743 2792 1790 2878 48

640 2899 835 2970 Numerus
854 2897 1017 2970 Oscc'llet.
1094 2917 1165 2989 374
1220 2918 1288 2988 ²7²
1349 2896 1437 2974 162}
1491 2900 1559 2990 831}
1619 2902 1689 2991 41}
1742 2904 1808 2980 223-

570 3084 704 3162 Postea
728 3079 881 3178 globum
904 3079 1117 3175 plumbeum
1144 3079 1325 3152 diametro
1343 3080 1542 3176 digitomm
1563 3105 1593 3166 2,
1620 3082 1656 3154 81
1681 3083 1847 3179 pondere
1877 3070 1943 3154 un-

491 3201 629 3273 ciarum
654 3200 912 3270 Remuunrune
942 3195 1009 3273 eol
1035 3195 1211 3290 suspendi
1243 3194 1305 3268 filo
1339 3197 1481 3282 eodem,
1509 3197 1560 3269 sic
1587 3213 1628 3269 ut
1657 3199 1752 3271 inter
1777 3213 1943 3271 centrum

491 3315 591 3413 globi
632 3314 668 3386 &
703 3329 878 3408 punctum
914 3312 1166 3407 suspensionis
1205 3309 1437 3383 intervallum
1477 3329 1576 3385 esset
1614 3315 1751 3408 pedum
1798 3313 1869 3397 Iol,
1907 3313 1945 3385 81

492 3430 732 3503 numerabam
750 3425 996 3500 oscillationes
1015 3427 1148 3521 quibus
1166 3426 1254 3497 data
1273 3441 1394 3497 motus
1413 3451 1497 3520 pars
1524 3427 1761 3500 amitteretur.
1817 3428 1943 3499 Tabu-

492 3546 609 3620 larum
641 3545 945 3639 subsequentium
977 3543 1077 3638 prior
1106 3542 1256 3613 exhibet
1287 3566 1479 3613 numerum
1515 3541 1781 3615 oscillationum
1810 3542 1946 3636 quibus

453 3651 454 3654 ¹
493 3688 578 3759 pars
605 3675 737 3733 octava
768 3673 889 3730 motus
920 3658 1033 3729 totius
1059 3656 1239 3739 cessavit,
1267 3655 1430 3727 secunda
1462 3681 1653 3728 numerum
1677 3656 1946 3729 oscillationum

493 3778 627 3874 quibus
646 3774 813 3873 ejusdem
832 3799 916 3868 pars
935 3787 1064 3867 quarta
1082 3773 1217 3843 amissa
1235 3771 1311 3843 fuit.

593 3957 790 4027 Descensus
798 3951 950 4046 primus
1075 3974 1086 4019 1
1197 3973 1214 4019 2
1320 3972 1343 4038 4
1446 3953 1467 4019 8
1551 3957 1592 4020 16
1673 3974 1716 4041 3²
1797 3956 1844 4038 64

594 4071 777 4142 Ascensus
793 4068 947 4140 ultimus
1077 4065 1095 4140 l
1196 4065 1216 4141 l
1320 4063 1360 4154 3l
1451 4085 1469 4156 7
1554 4088 1595 4154 14
1674 4068 1719 4134 28
1800 4070 1844 4154 56

593 4183 968 4258 NumernsOscz'llal.
1020 4185 1113 4249 226.
1145 4182 1215 4249 228
1274 4201 1340 4268 193
1400 4201 1467 4267 140
1544 4176 1612 4265 90}
1675 4200 1718 4268 53
1799 4201 1846 4269 30

595 4353 792 4423 Descensns
798 4349 950 4443 peintus
1074 4370 1085 4415 1
1197 4371 1214 4416 2
1321 4368 1343 4434 4
1447 4348 1468 4414 8
1553 4349 1600 4412 16
1674 4365 1717 4433 32
1798 4348 1846 4431 64

594 4468 778 4538 Ascensus
795 4463 951 4534 ultimus
1072 4461 1091 4536 l
1203 4459 1240 4536 rl-
1324 4482 1343 4549 3
1448 4464 1469 4527 6
1553 4479 1592 4526 12
1675 4479 1720 4545 24
1797 4461 1844 4546 48

595 4578 990 4653 NumeronsOscc'llul.
1022 4598 1094 4666 510
1147 4578 1217 4665 518
1271 4597 1344 4662 420
1398 4575 1468 4663 318
1523 4593 1594 4658 204
1652 4593 1713 4639 121
1801 4592 1846 4663 70

580 4783 622 4853 ln
644 4778 766 4852 tabula
785 4780 905 4874 priore
924 4773 1115 4870 seligendo
1142 4798 1188 4845 ex
1206 4768 1524 4844 observationibus
1551 4767 1705 4852 tertiam,
1726 4770 1892 4863 quintam
1914 4773 1951 4843 81
