4110 5782
422 440 493 509 234
900 419 968 476 DE
988 418 1126 477 MOTU
1142 417 1413 477 CORPORUM·

489 616 607 688 Caret.
636 638 668 706 4.
699 613 871 709 Spatium
889 638 979 686 vero
996 638 1019 685 a
1037 637 1190 708 corpore
1208 612 1433 709 descriptum
1461 613 1668 686 differentia
1694 630 1752 688 est
1781 617 1877 690 duo-¹

419 757 499 804 rum
525 731 737 826 spatiorum,
765 755 922 826 quorum
949 727 1105 802 alterum
1136 745 1193 801 est
1219 745 1260 801 ut
1286 747 1433 825 tempus
1467 747 1657 826 sumptum
1689 732 1737 804 ab
1773 733 1876 807 initio

417 848 628 932 descensus,
657 844 876 919 &alterum
902 862 943 919 ut
969 843 1155 930 velocitas,
1184 869 1268 941 quae
1295 844 1406 918 etiam
1435 845 1516 940 ipso
1542 845 1742 920 descensus
1771 848 1875 922 initio

418 980 613 1061 aequantur
629 963 724 1036 inter
740 989 791 1058 se.

639 1261 1015 1337 PROPOSITIO
1063 1259 1136 1334 IV.
1206 1259 1544 1333 PROBLEMA
1593 1260 1646 1334 II.

415 1467 540 1540 Posito
564 1467 663 1563 qnod
683 1468 739 1541 vis
757 1467 961 1564 gravitatis
986 1466 1027 1538 ia
1053 1464 1165 1537 medio
1189 1464 1314 1559 aliquo
1338 1465 1506 1565 similari
1529 1465 1731 1560 uniformis
1753 1469 1874 1550 sitae

465 1585 590 1658 tendat
596 1585 954 1681 perpendiculariter
968 1583 1187 1677 adplenum
1209 1581 1432 1666 ltarz'eontis;
1456 1581 1610 1677 definire
1636 1594 1772 1656 matam
1781 1594 1867 1680 pro·

456 1701 596 1798 sectilis
613 1702 653 1773 in
671 1700 797 1790 eodem,
816 1699 1055 1773 resistentiam
1072 1697 1253 1770 velocitati
1257 1697 1571 1793 proportionalem
1580 1700 1768 1794 patientis.

484 1891 516 1963 E
557 1890 638 1965 loco
672 1890 805 1986 quovis
840 1890 884 1960 D
919 1887 1084 1987 egredia-

412 2022 473 2082 tur
506 2007 695 2107 projectile
720 2008 923 2082 secundum
950 2008 1085 2104 lineam

413 2127 584 2222 quamvis
628 2143 781 2199 rectam*
800 2127 843 2197 D
859 2127 907 2215 P,
944 2125 980 2199 ἃ
1018 2151 1087 2221 per

411 2241 682 2342 longitudinem
725 2243 822 2315 ΒΡ
877 2258 1086 2337 exponatur

411 2358 578 2457 ejusdem
600 2356 777 2433 velocitas
795 2357 865 2430 sub
883 2358 988 2431 initio
1006 2383 1083 2432 mo·

411 2489 480 2549 tus.
546 2475 583 2547 A
615 2490 753 2571 puncto
786 2475 825 2546 P
857 2474 906 2547 ad
948 2473 1083 2548 lineam

410 2590 675 2666 horizontalem
721 2592 765 2662 D
796 2590 831 2663 C
869 2590 1086 2663 demittatur

410 2707 713 2805 perpendiculum
750 2708 847 2793 PC,
873 2707 909 2781 &
939 2723 1085 2781 secetur

409 2826 502 2899 DC
528 2826 565 2898 in
595 2826 649 2911 A,
677 2840 719 2899 ut
743 2824 1086 2898 sitDAadAC

338 2928 341 2933 ’
410 2955 452 3013 ut
476 2941 686 3016 resistentia
715 2941 837 3026 medii,
857 2966 904 3013 ex
922 2955 1025 3014 motu
1044 2940 1080 3011 in

408 3055 641 3131 altitudinem
671 3059 741 3131 sub
776 3058 880 3131 initio
910 3072 1000 3142 orta,
1036 3057 1084 3130 ad

409 3173 486 3247 vim
515 3173 730 3271 gravitatis;
774 3172 833 3247 vel
871 3172 987 3270 (quod
1022 3199 1084 3270 pe-

408 3290 514 3362 rinde
552 3289 623 3388 est)
660 3307 701 3364 ut
735 3290 783 3364 sit
830 3289 1083 3389 rectangulum

408 3407 480 3479 sub
509 3408 604 3480 DA
636 3407 672 3481 &
697 3409 789 3481 DP
814 3407 862 3480 ad
889 3425 1082 3506 rectangu-

394 3523 487 3597 'lum
505 3526 575 3598 sub
592 3526 633 3598 A
653 3526 687 3599 C
700 3525 737 3598 81
758 3527 792 3599 C
798 3527 836 3599 P
852 3542 893 3598 ut
911 3526 1082 3600 resisten-

407 3643 459 3716 tia
477 3659 555 3716 tota
572 3642 643 3716 sub
661 3641 765 3716 initio
788 3657 911 3716 motus
938 3642 987 3715 ad
1005 3643 1082 3715 vim
1137 3662 1139 3666 ‘

405 3760 610 3858 gravitatis.
692 3760 930 3856 Asymptotis
978 3760 1080 3845 DC,

412 3878 446 3951 C
452 3877 490 3949 P
508 3876 740 3950 describatur
757 3874 962 3973 hyperbola
980 3901 1080 3972 quae-

406 3992 463 4065 vis
502 3993 538 4065 G
558 3993 595 4064 T
601 3994 640 4065 B
654 3993 687 4064 S
718 4017 848 4065 secans
883 3992 1078 4089 perpendi-

406 4094 1128 4200 emoeannaomuss

405 4225 634 4323 compleatur
692 4226 1079 4325 parallelogrammum
1171 4294 1235 4315 „l

404 4344 499 4416 DG
511 4345 559 4417 K
571 4345 610 4431 C,
629 4344 734 4442 cujus
755 4342 851 4417 latus
872 4346 965 4417 GK
978 4363 1079 4421 secet
1132 4316 1220 4456 W

404 4457 551 4531 ABin
572 4461 615 4549 Q.
669 4460 848 4556 Capiatur
864 4459 961 4534 linea
981 4463 1016 4534 N
1040 4463 1075 4535 in
1121 4483 1140 4528 υ

404 4578 546 4653 ratione
571 4579 620 4652 ad
656 4581 743 4670 QB
772 4607 847 4678 qua
880 4582 970 4655 DC
1000 4584 1050 4657 sit
1083 4587 1131 4658 ad
1162 4589 1196 4661 C
1205 4591 1267 4675 P;
1294 4590 1329 4663 8ι
1355 4590 1403 4664 ad
1431 4608 1542 4666 rectae
1567 4593 1659 4666 DC
1686 4608 1862 4687 punctum

404 4694 564 4790 quodvis
590 4696 630 4769 R
656 4712 779 4770 erecto
806 4698 1070 4793 perpendiculo
1095 4702 1198 4793 ΚΤ,
1227 4705 1328 4802 quod
1360 4706 1575 4805 hyperbolae
1601 4707 1637 4780 in
1670 4709 1710 4796 Τ,
1731 4708 1767 4782 8ι
1785 4735 1861 4782 rec-

404 4811 451 4884 tis
468 4811 510 4884 E
521 4810 576 4897 H,
609 4811 711 4897 GK‚'
739 4814 832 4885 DP
857 4813 894 4885 in
921 4816 954 4902 I,
982 4825 1000 4889 t
1016 4816 1052 4889 81
1079 4819 1117 4890 V
1129 4839 1315 4910 occurrat;
1343 4824 1379 4897 in
1405 4850 1450 4900 eo
1474 4851 1566 4922 cape
1593 4826 1662 4900 Vr
1679 4826 1862 4922 aequalem
