4088 5768
821 469 962 528 LIBER
983 469 1234 529 SECUNDUS.
1688 497 1755 565 241

300 692 375 742 non
394 666 588 740 resistente
605 661 714 737 simul
732 663 889 737 describi
909 677 1044 759 posset,
1064 677 1106 736 ut
1122 677 1180 736 est
1203 687 1290 736 area
1307 661 1546 758 hyperbolica
1563 666 1603 738 A
1617 667 1657 738 Β
1670 668 1706 740 G
1718 669 1761 740 D
1815 666 1825 736 .’

299 787 347 860 ad
368 783 620 883 rectangulum
637 784 678 856 A
693 785 732 855 B
744 807 768 855 x
781 783 821 855 A
838 783 887 856 D.
1704 802 1706 807 ·

367 903 484 977 Corol.
525 927 555 995 3.
597 902 719 975 Datur
741 900 853 972 etiam
881 898 1089 971 resistentia
1120 898 1240 983 medii,
1260 901 1459 974 statuendo
1477 926 1560 974 eam
1579 901 1660 997 ipso
1679 927 1756 976 mo-

296 1036 355 1094 tus
391 1020 494 1093 initio
529 1016 712 1115 aequalem
747 1041 830 1089 esse
856 1014 893 1086 vi
929 1014 1100 1087 uniformi
1136 1016 1359 1111 centripetae‚
1388 1042 1472 1112 quae
1515 1018 1552 1090 in
1596 1019 1755 1092 cadente

297 1162 459 1233 corpore,
496 1118 679 1230 tempore
697 1135 737 1205 A
758 1134 797 1218 C,
834 1131 870 1203 in
907 1131 1030 1205 medio
1064 1156 1138 1205 non
1176 1132 1377 1218 resistente,
1413 1159 1593 1231 generare
1627 1151 1757 1231 posset

297 1252 531 1327 velocitatem
549 1251 590 1323 A
607 1252 653 1322 B.
698 1248 798 1321 Nam
816 1250 847 1321 si
866 1249 1021 1322 ducatur
1036 1250 1075 1321 B
1095 1250 1133 1321 T
1144 1274 1228 1345 quae
1247 1265 1377 1347 tangat
1395 1249 1636 1347 hyperbolem
1657 1252 1693 1324 in
1708 1253 1755 1338 B,

298 1368 334 1442 dr
352 1383 519 1442 occurrat
536 1380 748 1463 asymptoto
767 1366 802 1437 in
829 1366 866 1437 T
869 1397 884 1451 ;
910 1381 1010 1438 recta
1028 1365 1068 1437 A
1092 1367 1129 1438 T
1140 1364 1293 1462 aequalis
1312 1369 1380 1441 erit
1400 1369 1468 1465 ipsi
1487 1369 1528 1441 A
1549 1370 1588 1455 C,
1608 1369 1644 1442 81
1664 1386 1756 1443 tern-

297 1512 368 1583 pus
402 1499 574 1582 exponet,
610 1511 685 1581 quo
719 1483 927 1556 resistentia
961 1483 1080 1579 prima
1114 1483 1344 1557 uniformiter
1378 1486 1591 1562 continuata
1625 1483 1754 1560 tollere

298 1618 426 1700 posset
442 1601 676 1677 velocitatem
695 1615 809 1674 totam
829 1601 869 1673 A
883 1602 928 1675 B.
1697 1688 1700 1692 ,

368 1721 484 1794 Corol.
513 1743 544 1811 4.
575 1719 629 1791 Et
646 1718 732 1790 inde
750 1718 859 1791 datur
876 1718 987 1791 etiam
1009 1718 1198 1814 proportio
1225 1717 1334 1817 hujus
1358 1718 1576 1794 resistentiae
1602 1721 1650 1794 ad
1677 1722 1753 1795 vim

298 1837 501 1936 gravitatis,
520 1833 678 1908 aliamve
696 1835 866 1930 quamvis
884 1834 1010 1907 datam
1028 1835 1105 1907 virn
1123 1834 1375 1930 centripetanr.

368 1953 484 2027 Corol.
508 1974 538 2046 5.
572 1952 625 2023 Et
642 1952 723 2024 vice
749 1977 868 2041 versa,
887 1952 917 2024 si
945 1951 1055 2038 datur
1080 1952 1269 2049 proportio
1299 1953 1518 2027 resistentiae
1549 1954 1597 2028 ad
1627 1956 1753 2028 datam

297 2071 468 2167 quamvis
503 2069 579 2141 vim
614 2068 876 2164 centripetam;
915 2068 1025 2141 datur
1050 2084 1197 2163 tempus
1222 2068 1323 2154 AC,
1352 2095 1427 2165 quo
1457 2070 1514 2143 vis
1549 2072 1753 2168 centripeta

297 2188 514 2262 resistentiae
550 2185 701 2283 aequalis
736 2211 914 2283 generare
949 2186 1066 2282 possit
1100 2184 1333 2258 velocitatem
1368 2187 1540 2280 quamvis
1570 2186 1611 2258 A
1627 2189 1689 2261 B.-
1716 2188 1752 2261 dr

298 2306 384 2378 inde
410 2305 518 2377 datur
552 2319 728 2398 punctum
756 2303 795 2373 B
821 2328 888 2398 per
912 2301 1013 2398 quod
1040 2300 1251 2398 hyperbola‚
1279 2301 1499 2396 asymptotis
1529 2302 1624 2387 CH,
1656 2303 1690 2375 C
1698 2304 1751 2393 D,

296 2420 453 2495 describi
488 2419 620 2508 debet;
657 2433 698 2491 ut
732 2418 769 2491 8ι
803 2420 963 2515 spatium
998 2418 1039 2490 A
1055 2420 1094 2490 B
1110 2418 1208 2503 GD,
1243 2419 1344 2515 quod
1376 2444 1510 2514 corpus
1542 2419 1752 2516 incipiendo

296 2553 439 2611 motum
473 2562 581 2609 suum
616 2561 699 2608 curn
735 2533 931 2609 velocitate
962 2532 1022 2607 illa
1055 2534 1096 2606 A
1113 2535 1161 2625 B,
1199 2549 1367 2630 tempore
1402 2535 1535 2630 quovis
1569 2535 1610 2607 A
1630 2536 1680 2622 D,
1717 2536 1752 2608 in

296 2653 420 2727 medio
437 2651 586 2726 similari
605 2651 799 2724 resistente
816 2650 1024 2723 describere
1041 2665 1175 2746 potest

498 2864 870 2939 PROPOSITIO
914 2866 991 2938 VI.
1066 2866 1421 2940 THEOREMA
1470 2866 1545 2941 lV.

297 3045 463 3143 Corpora
496 3046 670 3143 splzeerico
703 3046 914 3143 homogenea
950 3048 999 3124 ὃ
1031 3046 1198 3143 equolia,
1235 3045 1448 3118 resrilenlirir
1480 3044 1521 3117 iro
1562 3042 1752 3140 duplicate

344 3181 487 3254 ratione
501 3181 726 3252 oelocilalurn
744 3179 925 3274 iopeo'ito,
943 3181 991 3257 (ἃ
1002 3181 1088 3252 sole's
1105 3179 1245 3252 viribus
1262 3180 1383 3253 insilit
1399 3179 1563 3268 incilalo,
1583 3178 1749 3274 ternpori-

345 3316 417 3401 bus,
444 3340 525 3411 quie
547 3323 637 3387 sunl
660 3314 833 3409 reciproce
856 3323 901 3385 ul
924 3314 1120 3386 velocitates
1151 3314 1216 3386 sub
1242 3314 1359 3402 z'rrr'tio,
1385 3312 1591 3385 describunt
1614 3319 1751 3406 semper

346 3449 504 3546 aqualia
544 3448 674 3544 speleo,
720 3449 769 3524 ὃ
809 3447 990 3519 amittunt
1021 3456 1151 3542 parles
1192 3448 1418 3520 velocitatem
1452 3443 1747 3541 proportionales

345 3583 438 3656 telis.

362 3813 598 3910 Asynrptotis
625 3810 846 3910 rectangulis
868 3813 903 3885 C
910 3813 961 3898 D,
983 3812 1076 3885 CH
1110 3802 1136 3850 Η

292 3931 478 4027 descripta
490 3928 695 4027 hyperbola
708 3930 840 4025 quavis
852 3929 890 4000 B
901 3929 971 4000 bE
980 3955 999 4001 e
1013 3954 1069 4002 sc-

290 4064 400 4123 cante
417 4046 678 4143 perpendicula
691 4048 731 4118 A
745 4048 792 4132 B,
811 4045 873 4132 ob,
893 4048 992 4131 DE,
1010 4045 1070 4130 de,

291 4167 329 4240 in
347 4166 395 4251 B,
417 4166 446 4251 b,
472 4166 522 4253 E,
547 4191 572 4251 e,
597 4178 831 4259 exponantur
856 4161 1070 4236 velocitates

291 4279 450 4355 initiales
461 4306 528 4377 per
538 4277 800 4376 perpendicula
813 4279 907 4364 AB,
920 4279 1019 4363 DE,
1036 4278 1072 4350 81

291 4412 461 4494 tempora
474 4422 542 4492 per
554 4394 721 4468 lineasA
733 4420 767 4480 a,
779 4394 857 4467 Dd.
900 4394 970 4466 Est
981 4418 1071 4490 ergo
1562 4418 1585 4470 a
1645 4471 1666 4515 e

292 4513 416 4586 utAo
433 4512 482 4584 ad
493 4512 569 4584 De'
582 4513 632 4584 ita
645 4511 727 4609 (per
736 4509 973 4607 hypothesin)
987 4509 1074 4581 DE

291 4630 338 4703 ad
357 4630 398 4702 A
415 4630 463 4715 B,
483 4629 519 4702 81
544 4629 594 4701 ita
614 4627 675 4725 (ex
693 4643 824 4730 natura
841 4622 1069 4722 hyperbolae)
1568 4475 1572 4750 i
1648 4519 1653 4751 i

294 4748 376 4820 CA
397 4745 445 4819 ad
468 4746 503 4819 C
508 4746 569 4830 D,·
595 4744 632 4817 ἃ
649 4742 916 4840 componendo
937 4743 987 4815 ita
1008 4741 1042 4813 C
1048 4766 1073 4812 o
1123 4750 1143 4799 0
1558 4754 1582 4802 o
1627 4756 1656 4815 d

289 4868 336 4941 ad
376 4866 412 4941 C
417 4865 451 4941 α’.
522 4866 627 4964 Ergo
669 4890 766 4938 areae
809 4863 850 4935 A
865 4863 904 4935 B
917 4862 982 4946 ba,
1018 4861 1113 4933 DE
1123 4858 1185 4944 ed,
1222 4856 1291 4928 hoc
1317 4868 1384 4940 est,
1413 4852 1534 4949 spatia
1564 4851 1748 4945 descripta

1006 4982 1031 5045 Q
