4088 5768
848 498 990 556 LIBER
1010 499 1194 559 PRIMUS.
1680 527 1692 574 r
1702 525 1743 595 51

292 708 486 769 servantes
520 692 701 766 rationem
735 690 784 765 ad
818 691 977 765 invicem
1011 690 1119 764 simul
1155 710 1387 782 evanescent,
1419 695 1458 770 id
1492 712 1558 783 est,
1593 722 1748 792 corpora

290 812 368 885 duo
390 808 594 885 oscillantia
619 804 727 881 simul
753 807 972 903 pervenient
996 808 1044 881 ad
1070 808 1374 905 perpendiculum
1400 812 1441 884 A
1455 813 1503 887 R.
1577 813 1748 910 Cumque

290 927 455 1004 vicissim
484 951 660 1001 ascensus
690 922 1037 1023 perpendiculorum
1063 926 1112 999 de
1141 924 1223 999 loco
1254 927 1381 1003 infimo
1415 928 1463 1015 R,
1495 953 1563 1025 per
1595 927 1749 1003 eosdem

289 1070 397 1120 arcus
423 1040 642 1139 cycloidales
668 1057 770 1115 motu
797 1041 1012 1139 retrogrado
1037 1041 1132 1129 sacti,
1159 1042 1393 1117 retardentur
1417 1045 1454 1117 in
1481 1043 1570 1119 locis
1593 1044 1748 1144 singulis

289 1189 314 1237 a
338 1162 479 1235 viribus
505 1160 638 1235 iisdem
664 1186 687 1233 a
711 1159 846 1255 quibus
867 1159 1068 1232 descensus
1085 1156 1392 1248 accelerabantur‚
1411 1176 1515 1258 patet
1531 1159 1747 1237 velocitates

290 1303 512 1353 ascensuum
533 1303 577 1350 ac
593 1276 838 1350 descensuum
864 1299 932 1371 per
956 1275 1110 1349 eosdem
1135 1301 1242 1349 arcus
1267 1275 1447 1351 sactorum
1473 1276 1635 1374 aequales
1653 1304 1746 1367 esse,

291 1412 406 1492 atque
434 1395 519 1468 ideo
546 1393 774 1489 temporibus
801 1391 1006 1489 aequalibus
1037 1393 1115 1466 fieri
1127 1423 1136 1482 ;
1163 1392 1200 1467 81
1227 1409 1433 1490 propterea,
1460 1419 1545 1468 curn
1571 1392 1747 1491 cycloidis

292 1527 420 1609 partes
437 1511 523 1586 duae
539 1511 625 1584 RS
639 1509 676 1584 81
692 1508 778 1599 RQ
804 1509 853 1581 ad
878 1523 1077 1605 utrumque
1103 1508 1355 1606 perpendiculi
1380 1507 1477 1584 latus
1488 1512 1657 1609 jacentes
1674 1511 1750 1584 sint

291 1627 432 1703 similes
463 1628 500 1701 81
525 1625 697 1724 aequales,
728 1623 891 1722 pendula
916 1625 991 1699 duo
1017 1623 1262 1701 oscillationes
1288 1652 1375 1700 suas
1401 1642 1478 1700 tam
1504 1642 1601 1700 totas
1635 1652 1748 1723 quam

291 1746 465 1819 dimidias
483 1744 615 1817 iisdem
632 1744 860 1840 temporibus
878 1768 1026 1839 semper
1042 1758 1231 1841 peragent
1287 1745 1330 1835 Q.
1342 1746 1391 1818 E.
1404 1745 1455 1818 D.

362 1863 480 1937 Corol.
510 1862 580 1935 Vis
614 1886 688 1957 qua
721 1886 854 1956 corpus
896 1861 935 1933 T
970 1861 1007 1932 in
1041 1859 1124 1934 loco
1166 1860 1299 1956 quovis
1350 1862 1387 1933 T
1422 1858 1646 1935 acceleratur
1687 1860 1747 1935 vel

293 1980 501 2055 retardatur
517 1980 554 2051 in
572 1976 746 2074 cycloide‚
765 1993 823 2051 est
847 1977 896 2050 ad
922 1991 1041 2051 totum
1068 1978 1231 2074 corporis
1256 1977 1424 2075 ejusdem
1447 1978 1594 2074 pondus
1612 1977 1648 2051 in
1667 1976 1749 2052 loco

291 2095 472 2171 altissimo
490 2097 524 2169 S
538 2094 598 2169 vel
617 2094 662 2185 Q,
681 2109 723 2167 ut
739 2092 913 2192 cycloidis
930 2120 1036 2168 arcus
1071 2095 1108 2166 T
1112 2095 1152 2168 R
1176 2094 1225 2167 ad
1251 2093 1419 2193 ejusdem
1436 2119 1562 2168 arcum
1580 2094 1661 2167 SR
1687 2091 1747 2168 vel

294 2216 392 2307 QR.

422 2471 792 2547 PROPOSITIO
837 2471 939 2545 LII.
1000 2468 1336 2543 PROBLEMA
1382 2466 1609 2543 XXXIV.

291 2652 464 2750 Definz're
481 2653 530 2731 ὢ*
545 2651 741 2725 velocitates
755 2650 1004 2747 pardulorum
1029 2649 1072 2722 in
1090 2648 1175 2722 lucz}
1189 2647 1355 2745 singulis,
1377 2649 1426 2727 ὢ*
1442 2657 1603 2744 tempora
1618 2649 1748 2744 quibus

340 2779 421 2842 tum
438 2767 674 2842 oscz'llatzbnes
690 2775 779 2855 totae,
799 2777 879 2842 tum
895 2767 1051 2864 singula
1065 2764 1329 2840 oscillulzbnum
1336 2772 1467 2859 partes
1474 2773 1724 2862 peraguntur.

361 2951 499 3025 Centro
526 2949 659 3047 quovis
687 2948 732 3037 G,
760 2946 952 3024 intervallo
983 2947 1081 3022 GH
1104 2943 1279 3044 cycloidis
1305 2970 1430 3021 arcum
1456 2945 1541 3018 RS
1563 2958 1744 3041 aequante,

293 4865 465 4940 describe
482 4860 749 4938 semicirculum
775 4862 827 4936 H
832 4862 880 4936 K
885 4862 941 4936 M
961 4861 1236 4936 semidiametro
1265 4863 1358 4936 GK
1378 4864 1567 4940 bisectum.
1641 4864 1694 4938 Et
1718 4865 1749 4938 si
