4088 5768
680 405 821 503 LIBER
847 406 932 464 TER
938 405 985 463 TI
989 406 1047 464 US.
1519 414 1567 499 46
1572 431 1591 501 3

134 600 291 699 angulus
313 602 347 674 C
356 602 398 674 D
410 602 451 673 F
462 598 614 696 aequalis
632 598 905 696 complemento
923 598 1117 673 anomaliae
1135 626 1236 673 verae
1262 600 1349 674 solis
1378 603 1426 674 ad
1451 604 1590 700 gradus

137 727 218 813 360.
276 720 327 792 Et
345 721 392 791 sit
409 719 451 790 D
463 719 505 790 F
516 719 564 792 ad
582 721 624 790 D
641 719 674 791 C
689 735 740 791 ut·
755 717 868 814 dupla
886 719 1138 792 eccentricitas
1165 717 1263 790 orbis
1290 719 1415 815 magni
1443 719 1490 790 ad
1518 720 1590 792 dis-

134 839 289 910 tantiam
316 838 538 910 mediocrem
565 836 652 909 solis
678 862 701 907 a
732 851 828 908 terra
857 834 893 908 81
920 851 1042 908 motus
1070 836 1213 908 medius
1240 835 1393 907 diurnus
1424 835 1511 909 solis
1543 839 1590 910 ab

135 981 291 1052 apogaeo
317 955 413 1028 lunae
440 955 488 1027 ad
515 969 656 1027 motum
684 953 848 1025 medium
874 953 1047 1025 diurnum
1062 952 1149 1026 solis
1174 954 1221 1025 ab
1252 978 1408 1050 apogaeo
1440 957 1589 1050 proprio

134 1071 366 1166 conjunctim,
386 1071 423 1143 id
455 1085 520 1156 est,
545 1086 586 1142 ut
616 1069 683 1162 33}
710 1070 757 1141 ad
793 1070 947 1157 1000&
978 1068 1128 1166 52'27'tl
1159 1068 1239 1142 16'''
1266 1071 1313 1141 ad
1346 1069 1404 1163 59'
1428 1069 1476 1142 8⁰
1508 1071 1589 1145 10'''

133 1188 365 1283 conjunctim,
385 1188 465 1260 sive
482 1205 524 1260 ut
543 1213 562 1280 3
582 1189 629 1261 ad
655 1213 731 1262 100.
787 1187 839 1260 Et
865 1189 1017 1284 concipe
1037 1199 1202 1261 centrum
1230 1188 1329 1260 orbis
1355 1186 1451 1261 lunae
1480 1187 1590 1261 locari
1714 1255 1718 1263 .

133 1305 169 1377 in
188 1323 326 1401 puncto
352 1306 397 1395 F,
414 1306 449 1378 ἃ
468 1307 504 1379 in
523 1304 697 1402 epicyclo,
712 1306 816 1401 cujus
835 1322 1000 1378 centrum
1019 1322 1077 1378 est
1094 1307 1135 1377 D
1150 1308 1186 1378 dc
1204 1306 1327 1378 radius
1347 1307 1435 1391 DF,
1453 1307 1592 1379 interea

132 1422 272 1496 revolvi
287 1424 375 1496 dum
391 1438 568 1519 punctum
588 1425 629 1495 D
646 1423 880 1520 progreditur
896 1423 933 1494 in
952 1423 1244 1495 circumferentia
1258 1421 1380 1495 circuli
1399 1423 1487 1494 DA
1495 1424 1587 1495 BD.

136 1539 220 1612 Hac
251 1542 349 1614 enim
369 1542 509 1614 ratione
527 1539 711 1623 velocitas
732 1564 806 1635 qua
823 1555 989 1612 centrum
1009 1541 1107 1613 orbis
1134 1539 1230 1613 lunae
1250 1540 1286 1612 in
1314 1539 1410 1613 linea
1428 1542 1589 1636 quadam

132 1682 245 1729 curva
262 1659 397 1730 circum
416 1674 582 1731 centrum
604 1657 837 1752 Cdescripta
863 1658 1080 1743 movebitur,
1101 1659 1170 1730 erit
1196 1658 1381 1753 reciproce
1409 1674 1449 1732 ut
1475 1661 1590 1732 cubus

132 1774 317 1847 distantiae
335 1774 422 1847 solis
440 1801 463 1847 a
481 1790 577 1846 terra
595 1773 886 1869 quamproxime,
907 1789 948 1844 ut
965 1789 1122 1869 oportet.

201 1892 440 1987 Computatio
475 1907 596 1965 motus
632 1890 740 1986 hujus
775 1888 932 1961 difficilis
961 1905 1027 1975 est,
1057 1890 1123 1962 sed
1152 1889 1292 1963 facilior
1319 1892 1495 1965 reddetur
1525 1890 1592 1988 per

131 2009 490 2102 approximationem
519 2023 745 2103 sequentem.
812 2007 852 2080 Si
884 2007 1060 2079 distantia
1089 2008 1283 2080 mediocris
1316 2006 1413 2081 lunae
1441 2035 1464 2081 a
1494 2026 1591 2082 terra

130 2125 179 2197 sit
197 2126 356 2221 partium
389 2150 542 2210 1ooooo,
562 2124 598 2198 81
616 2125 868 2199 eccentricitas
905 2125 984 2197 TC
1008 2125 1056 2197 sit
1084 2125 1242 2220 partium
1265 2147 1358 2218 5505
1388 2142 1428 2199 ut
1454 2151 1589 2221 supra:

131 2259 231 2315 recta
251 2242 331 2315 CB
348 2242 406 2315 vel
439 2244 473 2315 C
482 2244 524 2314 D
553 2243 760 2316 invenietur
785 2243 945 2338 partium
978 2241 1101 2334 11723,
1122 2241 1158 2314 dc
1189 2258 1288 2315 recta
1314 2244 1357 2314 D
1369 2244 1410 2315 F
1430 2242 1589 2339 partium

134 2357 210 2450 35l.
268 2359 320 2430 Et
338 2359 417 2431 haec
444 2344 543 2432 recta
561 2360 608 2431 ad
635 2360 849 2432 distantiam
875 2361 954 2432 TC
976 2360 1167 2433 subtendit
1192 2357 1369 2458 angulum
1388 2360 1434 2432 ad
1454 2375 1588 2433 terrain

132 2499 243 2570 quem
271 2475 460 2550 translatio
490 2479 605 2550 centri
623 2479 722 2551 orbis
740 2505 763 2549 a
788 2477 869 2550 loco
898 2479 940 2548 D
965 2478 1013 2549 ad
1044 2476 1165 2550 locum
1193 2478 1234 2548 F
1244 2492 1399 2575 generat
1423 2477 1460 2549 in
1486 2492 1588 2550 motu

132 2592 245 2664 centri
266 2593 373 2689 hujus
393 2622 399 2666 :
428 2594 464 2666 dc
481 2595 613 2668 eadem
632 2610 731 2669 recta
748 2594 935 2691 duplicata
953 2595 989 2666 in
1016 2595 1088 2667 situ
1107 2593 1282 2691 parallelo
1300 2593 1348 2665 ad
1375 2593 1588 2666 distantiam

131 2708 329 2803 superioris
361 2708 520 2782 umbilici
552 2712 650 2784 orbis
681 2711 778 2785 lunae
809 2739 832 2784 a
858 2727 955 2785 terra
990 2712 1180 2785 subtendit
1210 2711 1371 2784 eundem
1402 2709 1588 2808 angulum,

134 2851 243 2921 quem
262 2827 389 2922 utique
407 2827 597 2902 translatio
616 2829 676 2902 illa
692 2845 846 2928 generat
872 2831 908 2901 in
936 2844 1038 2902 motu
1066 2828 1237 2916 umbilici,
1257 2827 1293 2901 81
1311 2828 1359 2900 ad
1377 2828 1590 2901 distantiam

134 2941 232 3014 lunae
258 2968 281 3015 a
309 2958 405 3016 terra
431 2945 621 3018 subtendit
651 2944 827 3044 angulum
855 2971 966 3042 quem
986 2946 1117 3018 eadem
1149 2944 1339 3018 translatio
1368 2960 1523 3042 generat
1554 2946 1589 3018 in

133 3077 236 3134 motu
254 3059 360 3146 lunae,
381 3062 518 3158 quique
537 3077 733 3159 propterea
759 3063 920 3159 aequatio
938 3064 1052 3136 centri
1079 3063 1242 3136 secunda
1260 3064 1330 3136 dici
1349 3079 1482 3160 potest.
1539 3064 1592 3137 Et

132 3177 211 3251 haec
230 3180 401 3275 aequati0,
421 3179 457 3251 in
486 3180 659 3253 mediocri
687 3178 784 3254 lunae
802 3181 977 3255 distantia
1000 3207 1023 3253 a
1051 3196 1156 3266 terra,
1176 3196 1233 3254 est
1260 3197 1302 3253 ut
1328 3181 1431 3254 sinus
1454 3179 1589 3279 anguli,

132 3321 243 3392 quem
275 3313 375 3370 recta
403 3294 466 3369 illa
495 3299 589 3369 DF
600 3323 684 3370 cum
703 3314 803 3371 recta
821 3326 842 3372 a
859 3316 998 3396 puncto
1015 3300 1056 3371 F
1069 3299 1117 3372 ad
1144 3296 1270 3369 lunam
1288 3298 1400 3370 ducta
1425 3298 1590 3370 continet

131 3415 421 3509 quamproxime,
438 3413 474 3486 dc
486 3402 547 3487 ubi
563 3417 724 3488 maxima
738 3432 796 3488 est
813 3418 940 3490 evadit
960 3415 994 3488 2'
1014 3414 1094 3508 25‘'.
1144 3413 1317 3511 Angulus
1335 3429 1459 3486 autem
1478 3439 1589 3509 quem

132 3549 230 3604 recta
247 3532 392 3604 DF&
419 3547 518 3604 recta
544 3558 565 3604 a
593 3548 730 3628 puncto
756 3534 798 3604 F
819 3533 867 3605 ad
896 3531 1021 3604 lunam
1052 3532 1162 3603 ducta
1188 3530 1508 3625 comprehendunt
1538 3530 1591 3601 in-

130 3648 278 3719 venitur
295 3645 354 3720 vel
381 3647 623 3720 subducendo
641 3641 876 3745 angulumE
887 3649 980 3719 DF
991 3647 1039 3718 ab
1057 3644 1240 3719 anomalia
1258 3646 1380 3718 media
1404 3643 1510 3730 lunae,
1529 3645 1588 3719 vel

131 3763 305 3835 addendo
323 3762 536 3834 distantiam
555 3760 651 3836 lunae
669 3790 692 3835 a
709 3763 786 3837 sole
804 3765 852 3836 ad
871 3763 1084 3836 distantiam
1098 3763 1242 3860 apogaei
1256 3761 1353 3835 lunae
1371 3763 1418 3835 ab
1433 3789 1590 3861 apogaeo

1317 3880 1328 3912 '
1348 3878 1420 3973 25‘'
1437 3896 1523 3952 sunt
1541 3881 1588 3953 ad

131 3877 227 3951 solis
285 3878 337 3950 Et
355 3893 395 3949 ut
413 3878 536 3950 radius
555 3895 612 3951 est
629 3880 677 3952 ad
695 3881 816 3952 sinum
834 3877 958 3978 anguli
977 3880 1029 3951 sic
1053 3880 1202 3964 inventi,
1224 3880 1274 3952 ita
1293 3905 1311 3951 2

133 3995 380 4092 aequationem
425 3997 539 4069 centri
575 3997 785 4082 secundam,
822 3997 1033 4070 addendam
1064 3996 1094 4068 si
1126 4022 1270 4068 summa
1300 3996 1359 4069 illa
1393 3997 1441 4068 sit
1471 3997 1590 4071 minor

132 4115 369 4201 semicirculo,
390 4116 668 4190 subducendam
687 4118 717 4189 si
738 4118 863 4213 major.
920 4117 983 4189 Sic
1011 4115 1208 4188 habebitur
1228 4117 1307 4213 ejus
1336 4115 1531 4213 longitudo
1558 4119 1593 4190 in

136 4231 225 4327 ipsis
244 4231 477 4305 luminarium
497 4235 667 4331 syzygiis,

203 4350 299 4421 Cum
318 4351 567 4446 atmosphaera
585 4367 691 4425 terrae
709 4351 757 4423 ad
776 4376 895 4447 usque
913 4350 1145 4423 altitudinem
1165 4348 1374 4422 milliarium
1396 4370 1439 4441 35
1460 4348 1520 4422 vel
1548 4375 1597 4442 40

131 4466 308 4564 refringat
325 4466 444 4541 lucem
463 4467 559 4553 soliS,
580 4468 616 4540 8z
634 4467 871 4565 refringendo
889 4483 1041 4564 spargat
1057 4466 1214 4538 eandem
1234 4465 1269 4538 in
1289 4467 1457 4538 umbram
1479 4481 1594 4554 terrae,

134 4582 170 4655 dc
188 4585 400 4680 spargendo
418 4582 536 4658 lucem
557 4586 593 4657 in
612 4583 770 4657 confinio
789 4583 930 4655 umbrae
949 4582 1078 4654 dilatet
1096 4584 1282 4656 umbram:
1304 4585 1352 4657 ad
1371 4584 1595 4658 diametrum

133 4703 285 4790 umbra,
308 4727 391 4797 quae
415 4728 481 4797 per
507 4700 722 4799 parallaxim
751 4700 883 4797 prodit,
903 4699 1001 4772 addo
1030 4699 1211 4773 minutum
1230 4726 1344 4775 unum
1373 4702 1532 4798 primum
1560 4705 1596 4777 in

133 4817 330 4914 eclipsibus
349 4817 454 4904 lunae,
474 4817 533 4892 vel
553 4818 734 4891 minutum
753 4843 867 4889 unum
886 4842 969 4889 cum
989 4819 1129 4891 triente.
