4110 5782
714 409 856 467 trouu
876 406 1060 467 secono
1068 406 1125 466 os.
1581 410 1627 496 36
1632 372 1665 498 3¹

199 606 406 680 recedendo
424 631 446 677 a
463 604 629 700 partibus
647 602 710 675 ubi
728 601 915 697 premitur,
934 615 1067 698 pergat
1092 623 1240 694 semper
1262 599 1297 671 in
1316 599 1444 672 orbem
1463 601 1511 672 ad
1530 617 1654 696 partes

198 749 284 818 quae
301 723 423 796 eidem
441 721 586 794 cedunt
640 719 799 808 ΘΕΖ).

199 899 201 903 .
269 840 386 912 Corol.
430 836 715 909 Hallucinantur
752 835 863 934 igitur
905 835 969 930 qui
1012 833 1168 907 credunt
1210 832 1451 930 agitationem
1495 832 1653 928 partium

200 955 359 1027 flammae
401 956 449 1027 ad
492 954 731 1049 pressionem,
767 977 833 1048 per
875 950 1039 1023 medium
1083 950 1259 1035 ambiens,
1295 949 1499 1023 secundum
1539 950 1655 1023 lineas

199 1087 317 1145 rectas
352 1072 633 1169 propagandum
665 1070 881 1143 conducere.
939 1068 1104 1140 Debebit
1129 1067 1310 1164 ejusmodi
1338 1069 1481 1163 pressio
1508 1092 1581 1141 non
1608 1068 1656 1140 ab

199 1189 401 1287 agitatione
418 1188 497 1262 sola
515 1189 673 1283 partium
692 1188 860 1267 flammae,
879 1186 946 1258 sed
965 1209 987 1256 a
1005 1185 1117 1257 totius
1134 1181 1348 1258 dilatatione
1367 1185 1534 1259 derivari.

300 1549 673 1625 PROPOSlTlO
720 1548 886 1621 XLIV.
960 1548 1317 1623 THEOREMA
1366 1550 1560 1624 XXXV.

202 1749 252 1820 Si
265 1774 362 1844 oquo
380 1748 420 1819 iu
437 1746 578 1819 coriolos
593 1746 765 1818 cruribus
781 1746 903 1818 erectis
924 1745 960 1817 K
978 1745 1022 1833 L,
1044 1745 1085 1816 M
1105 1746 1140 1817 N
1171 1747 1305 1821 vz'cibus
1323 1748 1479 1820 alternis
1495 1745 1662 1821 oscuidot

255 1884 304 1960 ὢ*
319 1881 503 1954 descorulot
514 1912 528 1964 ,·
565 1887 805 1951 construatur
831 1888 953 1951 oritoni
974 1879 1183 1973 putidulum
1212 1880 1317 1975 cujus
1347 1879 1534 1976 longitudo
1565 1881 1664 1951 iuter

250 2025 428 2102 porinum
469 2013 710 2108 suspensionis
746 2014 794 2089 ὅτ
837 2022 1001 2084 centrum
1043 2014 1278 2087 oscillationis
1319 2021 1483 2108 opinetur
1526 2012 1666 2085 somissi

254 2149 497 2245 longitudinis
512 2172 617 2242 oqitce
639 2147 680 2218 in
706 2146 855 2218 couoli:
880 2145 957 2217 dico
981 2147 1081 2241 quod
1100 2174 1198 2244 aquo
1224 2147 1385 2221 oscuidet
1413 2149 1462 2225 ὢ*
1486 2146 1664 2219 descendet

255 2282 380 2356 iisdem
397 2281 615 2376 teirutoribus
630 2279 761 2375 quibus
768 2277 974 2372 putidulum
991 2280 1189 2354 oscillotur.

276 2494 565 2592 Longitudinem
583 2517 692 2588 aquae
726 2517 900 2565 mensuro
928 2495 1132 2567 secundum
1160 2520 1250 2568 axes
1278 2492 1415 2568 canalis
1443 2493 1480 2566 81
1508 2519 1663 2579 crurum,

206 2614 363 2687 eandem
389 2636 544 2683 summae
567 2609 697 2682 horum
725 2609 849 2681 axium
876 2609 1080 2705 aequando;
1109 2610 1145 2683 81
1172 2612 1417 2685 resistentiam
1443 2637 1560 2707 aquae,
1580 2636 1665 2707 quae

207 2731 322 2805 oritur
352 2728 399 2801 ab
425 2728 552 2801 attritu
579 2725 726 2812 canalis
747 2724 805 2797 hic
832 2750 906 2798 non
933 2727 1136 2802 considero.
1192 2728 1403 2826 Designent
1430 2727 1540 2826 igitur
1561 2729 1602 2799 Α
1616 2727 1664 2813 B,

210 2850 244 2921 C
250 2851 292 2920 D
322 2847 544 2920 mediocrem
576 2843 809 2917 altitudinem
840 2868 947 2938 aquae
984 2844 1019 2915 in
1050 2869 1155 2918 crure
1183 2860 1362 2941 utroque;
1406 2843 1442 2915 81
1472 2842 1534 2916 ubi
1569 2868 1667 2941 aqua

213 4407 251 4479 in
288 4435 392 4482 crure
427 4411 474 4482 K
481 4412 517 4482 L
555 4409 721 4482 ascendit
755 4410 801 4482 ad
835 4409 1066 4483 altitudinem
1102 4411 1195 4493 EF,
1232 4410 1466 4484 descenderit
1501 4435 1598 4506 aqua
1633 4409 1668 4482 in

209 4551 316 4598 crure
343 4527 397 4596 M
407 4528 457 4597 N
481 4528 527 4598 ad
557 4525 789 4599 altitudinem
821 4527 921 4599 GH.
979 4527 1038 4597 Sit
1068 4516 1192 4598 autiem
1223 4529 1261 4599 P
1289 4552 1420 4622 corpus
1457 4525 1669 4622 pendulum,
1749 4560 1752 4565 ¹

217 4644 255 4712 V
265 4644 302 4714 P
322 4643 431 4723 silum,
462 4645 499 4714 V
513 4659 689 4738 punctum
709 4643 970 4738 suspensionis
991 4645 1029 4715 n
1040 4644 1169 4732 PQS
1184 4642 1318 4737 cyclois
1337 4668 1448 4738 quarn
1468 4641 1669 4738 pendulum

209 4759 405 4843 describat,
426 4762 463 4832 P
480 4762 560 4857 ejus
579 4777 757 4855 punctum
778 4759 1054 4847 insumun,.PQ
1071 4785 1175 4831 arcus
1200 4759 1381 4832 altitudini
1401 4762 1441 4831 A
1451 4762 1491 4832 E
1507 4759 1668 4855 aequalis.
