4088 5768
310 1064 841 1173 nociores
919 1063 1497 1170 PRAEFATIO

574 1341 693 1422 AD
762 1340 1238 1422 LECTOREM.
1318 1378 1320 1380 ·

186 1629 338 1760 CUM
370 1641 497 1704 veteres
523 1633 775 1707 mechanicam
805 1634 878 1731 (uti
900 1643 1099 1708 auctorest
1118 1631 1282 1729 Pappus)
1303 1633 1343 1705 iu
1362 1657 1488 1705 rerum
1506 1641 1637 1703 natur-

286 1748 405 1820 alium
439 1749 712 1846 iuoestigatioue
751 1751 909 1824 maximi
937 1750 1123 1846 seceri'ut,·
1168 1753 1216 1830 <⁰9³
1259 1750 1477 1839 recentiores,
1522 1750 1640 1822 missis

169 1862 313 1958 formis
328 1865 630 1956 substantialibus
654 1869 702 1944 ὢ*
722 1867 964 1963 qualitatibus
984 1869 1138 1956 occultis,
1153 1868 1393 1964 pbeeuomeua
1419 1877 1568 1940 natura
1590 1865 1644 1937 ad

177 1982 267 2076 leges
292 1981 561 2056 mathematicas
587 2009 751 2057 revocare
773 1985 939 2080 aggressi
960 1985 1059 2059 sint:
1094 1986 1224 2060 Visum
1248 1996 1300 2060 cst
1324 1987 1365 2058 in
1387 1985 1451 2057 boc
1475 1992 1638 2056 tractatu

180 2097 363 2170 mathesin
381 2099 538 2184 excolere,
557 2110 734 2195 quatenus
753 2127 793 2174 ea
814 2101 867 2174 ud
882 2100 1154 2198 philosophiam
1180 2112 1320 2200 spectat.
1378 2100 1638 2175 Mechanicam

178 2240 260 2286 vero
293 2214 469 2308 duplicem
506 2224 635 2290 veteres
676 2219 963 2292 constituerunt:
1007 2218 1232 2305 rationalem,
1268 2244 1350 2315 quie
1380 2229 1456 2314 per
1495 2216 1637 2290 demori-

178 2333 372 2405 strutiones
400 2342 567 2406 accurate
585 2335 759 2430 procedit,
794 2337 842 2414 <⁰9³
871 2337 1080 2431 practicam.
1151 2336 1226 2409 Ad
1245 2336 1453 2432 practicam
1479 2341 1641 2429 spectum

179 2459 277 2521 artes
293 2475 410 2522 omues
429 2452 625 2537 manuales,
644 2478 668 2524 a
694 2453 824 2548 quibus
849 2453 975 2548 utrque
999 2454 1213 2528 mechanica
1238 2477 1366 2526 nomeu
1392 2460 1564 2524 mutuata
1580 2458 1638 2524 est.

183 2568 278 2639 Cum
294 2577 416 2639 autem
432 2566 592 2664 artifices
607 2578 752 2663 parum
776 2580 944 2642 accurate
966 2572 1115 2666 operum
1131 2572 1276 2656 soleuiit,
1285 2570 1342 2667 fit
1362 2579 1406 2642 ut
1427 2567 1642 2642 mechanica

179 2684 297 2757 omnis
325 2708 349 2755 a
378 2685 584 2780 geometria
614 2685 668 2757 ita
695 2687 959 2783 distinguatur,
991 2698 1036 2761 ut
1063 2687 1239 2784 quicquid
1267 2695 1480 2759 accuratum
1510 2684 1561 2758 sit
1593 2681 1647 2755 ad

180 2801 424 2899 geometriam
459 2800 655 2896 reperatur,
686 2803 861 2899 quicquid
891 2805 1014 2878 miuus
1047 2815 1260 2877 accuratum
1293 2803 1347 2877 ad
1376 2800 1637 2875 mechanicam.

179 2920 360 2992 Attamen
386 2944 527 2992 errores
552 2945 624 2991 non
649 2928 738 2991 suut
761 2921 868 3010 artis,
886 2921 950 2994 sed
969 2921 1168 3019 artificum.
1224 2921 1305 3012 Qui
1328 2919 1451 2993 miuus
1475 2926 1642 2991 accurate

178 3047 361 3133 operatur,
381 3036 627 3132 imperfectior
649 3047 701 3110 est
726 3038 954 3125 mechanicus,
977 3042 1025 3117 ὢ*
1040 3040 1076 3112 si
1097 3039 1180 3135 quis
1204 3037 1473 3112 accuratissime
1494 3035 1643 3130 operari

169 3164 298 3251 posset,
316 3152 487 3248 liicsoret
503 3154 726 3227 meeliauicus
742 3156 905 3228 omnium
914 3154 1209 3250 perfidissimus.
1264 3155 1373 3226 Nam
1393 3154 1441 3231 <⁰9³
1455 3152 1639 3224 linearum

180 3282 364 3345 rectarum
392 3271 686 3349 &circulorum
711 3269 968 3368 descriptiones,
988 3274 1029 3346 iu
1054 3273 1185 3369 quibus
1209 3271 1415 3371 geometria
1431 3269 1641 3365 fundatur,

177 3389 233 3462 ad
246 3389 496 3462 mechanicam
514 3388 711 3482 pertinent.
765 3389 853 3463 Has
869 3391 984 3463 li'neas
1008 3391 1201 3464 describere
1222 3388 1427 3488 geometria
1445 3414 1516 3460 uon
1534 3386 1639 3470 docet,

177 3506 421 3600 sedpostulat.
475 3505 649 3576 Postulat
672 3506 767 3577 euim
794 3515 837 3577 ut
862 3517 943 3603 tyro
967 3508 1103 3581 easdem
1127 3517 1294 3580 accurate
1317 3505 1509 3579 describere
1524 3504 1642 3599 prius

178 3625 355 3709 dediceret,
391 3648 503 3719 quam
538 3622 647 3694 limen
682 3623 846 3720 attingat
873 3627 1113 3722 geometriae3
1144 3625 1236 3710 deiu,
1272 3622 1444 3719 quomodo
1469 3630 1544 3715 per
1575 3619 1642 3691 lias

178 3743 399 3838 operationes
418 3726 649 3834 problemata
674 3740 878 3830 solvantur,
905 3743 1024 3828 clocet;
1059 3752 1172 3815 rectas
1199 3740 1425 3819 &circulos
1450 3736 1643 3809 describere

170 3858 400 3954 problemata
418 3866 514 3941 suut,
534 3855 597 3956 sed
609 3882 680 3929 uon
691 3859 915 3952 geometrica.
969 3860 1036 3931 Ex
1051 3859 1265 3932 mechanica
1273 3857 1494 3952 postulatur
1508 3853 1641 3926 borum

178 3976 319 4062 solutio,
339 3977 378 4048 in
397 3973 603 4073 geometria
618 3972 765 4047 docetur
778 3977 982 4050 solutorum
998 4003 1094 4050 usus.
1148 3979 1211 4050 Ac
1224 3975 1422 4072 gloriatur
1436 3969 1642 4068 geometria

41 4085 48 4096 ¹
178 4094 279 4191 quod
291 4104 368 4167 tam
385 4091 520 4188 paucis
536 4091 737 4186 principiis
760 4094 912 4167 aliunde
926 4095 1055 4190 petitis
1081 4105 1157 4165 tam
1183 4092 1303 4164 multa
1320 4096 1480 4184 praestet.
1535 4086 1639 4156 Fun-

180 4213 299 4286 datur
322 4212 447 4308 igitur
468 4210 674 4307 geometria
700 4210 740 4282 iu
757 4213 880 4305 praxi
903 4212 1114 4296 mechanica,
1137 4212 1185 4288 ὅ
1211 4207 1312 4279 nibil
1332 4202 1444 4276 aliud
1459 4212 1511 4275 est
1531 4225 1642 4297 quam

180 4330 406 4404 mechanicae
433 4325 650 4399 universalis
667 4336 764 4421 pars
789 4328 968 4426 illaque
988 4338 1104 4401 artem
1123 4321 1365 4399 mensurandi
1378 4327 1643 4412 accuratepro-

173 4449 284 4545 ponit
299 4473 341 4519 ac
357 4446 589 4517 dunoristrat.
647 4445 741 4515 Cum
757 4457 879 4520 autem
895 4458 994 4521 artes
1009 4444 1199 4518 manuales
1215 4441 1256 4513 in
1273 4438 1483 4535 corporibus
1502 4460 1641 4509 moven-

179 4566 238 4638 dis
254 4562 443 4660 precipue
466 4569 664 4646 versentur,
673 4560 731 4656 fit
747 4570 790 4633 ut
805 4564 1010 4660 geometria
1035 4562 1089 4634 ad
1109 4556 1411 4656 magnitudinem,
1432 4551 1644 4626 mechanica

178 4682 234 4755 ad
263 4689 402 4753 motum
437 4677 543 4772 ougo
577 4674 774 4770 reperatur.
849 4681 930 4770 Quo
962 4705 1066 4754 sensu
1103 4674 1316 4749 mechanica
1350 4668 1539 4745 rationalis
1573 4667 1646 4739 erit

178 4799 328 4873 scientia
359 4803 535 4878 motuum,
566 4793 634 4889 qui
660 4820 704 4866 eu
733 4797 873 4870 viribus
901 4799 1168 4894 quibuscunque
1198 4794 1388 4876 resultant,
1422 4791 1471 4866 <⁰9³
1504 4786 1644 4860 virium
