4110 5782
513 424 589 492 410
974 400 1042 458 DE
1062 399 1229 459 MUNDI
1244 399 1514 459 SYSTEMATE

513 623 581 694 per
609 597 710 670 vices
741 593 965 669 acceleratur
995 595 1031 667 &
1062 596 1276 669 retardatur.
1345 594 1461 667 Error
1490 609 1615 667 tamen
1646 594 1767 667 omnis
1798 594 1833 667 in
1867 608 1968 669 motu

511 717 591 813 ejus
610 716 745 787 circum
764 713 880 787 solem
898 740 921 786 a
939 729 1042 787 tanta
1069 715 1106 787 vi
1135 713 1312 787 oriundus
1343 710 1604 809 (praeterquam
1633 713 1669 785 in
1698 729 1800 786 motu
1829 715 1969 812 medio)

511 832 640 904 evitari
669 831 746 903 sere
774 846 898 925 potest
928 832 1187 906 constituendo
1217 830 1430 903 umbilicum
1460 831 1668 903 inferiorem
1697 832 1797 903 orbis
1824 833 1903 929 ejus
1933 831 1970 903 in

510 949 696 1022 communi
728 964 854 1021 centro
883 949 1077 1045 gravitatis
1102 949 1202 1047 jovis
1232 948 1268 1020 &
1298 947 1385 1020 solis
1419 946 1499 1044 (per
1528 934 1627 1043 prop.
1657 946 1904 1045 va11lib.1)
1935 948 1971 1020 &

511 1081 709 1162 propterea
726 1066 789 1138 ubi
808 1067 992 1139 maximus
1010 1081 1068 1138 est
1094 1066 1158 1138 vix
1176 1079 1327 1161 superat
1354 1064 1495 1135 minuta
1512 1063 1587 1136 duo
1614 1065 1742 1159 prima.
1799 1064 1852 1135 Et
1869 1089 1972 1136 error

510 1185 694 1257 maximus
713 1184 749 1256 in
769 1198 870 1256 motu
890 1182 1014 1255 medio
1031 1183 1095 1255 vix
1113 1197 1265 1277 superat
1283 1181 1424 1253 minuta
1438 1180 1513 1253 duo
1530 1180 1650 1276 prima
1667 1182 1866 1254 annuatim.
1925 1181 1969 1252 ln

510 1306 769 1403 conjunctione
794 1319 919 1377 autem
941 1305 1041 1402 jovis
1069 1303 1261 1376 &saturni
1287 1302 1491 1399 gravitates
1517 1301 1788 1376 acceleratrices
1816 1301 1903 1375 solis
1932 1302 1969 1374 in

511 1440 712 1508 saturnum,
726 1421 826 1520 jovis
846 1421 882 1493 in
900 1435 1092 1493 saturnum
1119 1420 1155 1493 &
1176 1420 1276 1517 jovis
1304 1419 1341 1490 in
1367 1418 1484 1492 solem
1511 1434 1598 1491 sunt
1623 1418 1699 1491 sere
1717 1433 1759 1490 ut
1782 1424 1834 1504 16,
1855 1422 1897 1490 81
1933 1416 1970 1490 81

516 1546 558 1612 16
586 1562 610 1610 x
637 1543 680 1611 81
712 1563 736 1611 ><
764 1562 856 1632 30²1

664 1682 708 1753 25

405 1759 416 1777 ’
509 1792 700 1850 saturnum
719 1776 867 1874 &jovis
886 1777 922 1850 in
941 1792 1132 1851 saturnum
1151 1776 1273 1849 estad
1299 1775 1521 1873 gravitatem
1542 1774 1643 1871 jovis
1669 1771 1706 1846 in
1725 1770 1841 1846 solem
1859 1787 1900 1846 ut
1918 1778 1964 1865 65

509 1893 557 1966 ad
590 1899 733 1986 156609
761 1918 826 1965 seu
862 1918 874 1965 1
908 1895 956 1967 ad
987 1919 1094 1986 2409.
1152 1893 1254 1966 Huic
1283 1908 1408 1966 autem
1439 1891 1655 1964 differentiae
1684 1888 1967 1987 proportionalis

509 2023 567 2082 est
585 2008 746 2081 maxima
763 2010 903 2082 saturni
930 2011 1092 2084 efficacia
1117 2012 1165 2085 ad
1192 2010 1484 2107 perturbandum
1513 2024 1654 2082 motum
1673 2009 1782 2105 jovis,
1803 2007 1839 2079 &
1856 2032 1966 2102 prop·
2011 1992 2013 1996 ¹

506 2141 609 2199 terea
642 2125 870 2221 perturbatio
904 2128 1004 2201 orbis
1033 2128 1183 2227 jovialis
1214 2126 1326 2226 longe
1355 2129 1475 2200 minor
1502 2141 1559 2199 est
1589 2152 1701 2222 quam
1732 2151 1778 2198 ea
1802 2125 1965 2199 saturnii.

511 2241 753 2339 Reliquorum
771 2244 915 2317 orbium
933 2246 1229 2340 perturbationes
1248 2261 1335 2318 sunt
1352 2244 1473 2316 adhuc
1499 2242 1610 2342 longe
1628 2244 1798 2328 minores,
1817 2257 1967 2338 praeter·

510 2384 622 2456 quam
652 2358 753 2454 quod
780 2360 879 2432 orbis
908 2375 1016 2433 terrae
1043 2361 1267 2435 sensibiliter
1295 2361 1531 2456 perturbatur
1556 2386 1578 2431 a
1607 2358 1702 2434 luna
1758 2359 1967 2431 Commune

509 2493 676 2551 centrum
700 2461 893 2575 gravitatis
921 2492 1029 2551 terrae
1059 2478 1094 2550 81
1122 2477 1220 2551 lunae
1247 2476 1392 2572 ellipsin
1419 2476 1554 2548 circum
1582 2474 1699 2549 solem
1731 2475 1768 2547 in
1795 2473 1968 2547 umbilico

470 2680 471 2683 Ἴ
509 2596 670 2691 positum
694 2595 880 2691 percurrit,
901 2594 1058 2668 &radio
1076 2595 1123 2666 ad
1142 2593 1258 2668 solem
1276 2594 1388 2668 ducto
1406 2620 1511 2667 areas
1534 2594 1569 2667 in
1589 2593 1720 2667 eadem
1738 2593 1968 2687 temporibus

509 2708 802 2806 proportionales
837 2709 1021 2795 describit,
1052 2724 1151 2783 terra
1180 2736 1270 2784 vero
1298 2710 1434 2783 circum
1469 2712 1540 2785 hoc
1574 2728 1740 2785 centrum
1771 2733 1967 2783 commune

510 2844 613 2901 motu
632 2842 823 2901 menstruo
841 2825 1051 2902 revolvitur.

887 1614 953 1661 seu
986 1593 1140 1680 156609,
1168 1587 1328 1683 ideoque
1355 1585 1562 1658 differentia
1580 1585 1806 1682 gravitatum
1824 1582 1912 1657 solis
1932 1584 1967 1656 in

673 3094 1046 3170 PROPOSITIO
1093 3095 1213 3169 XIV.
1285 3093 1642 3170 THEOREMA
1689 3094 1809 3167 XIV.

888 3275 1045 3349 Orbium
1061 3275 1205 3371 aphelio
1224 3278 1272 3354 ἐν’
1289 3249 1379 3349 nodi
1391 3277 1585 3372 quiescunt.

577 3489 741 3588 Aphelia
770 3490 972 3586 quiescunt,
1005 3517 1072 3587 per
1101 3517 1204 3588 prop.
1235 3516 1275 3564 xt
1303 3491 1362 3565 lib.
1398 3515 1437 3579 1;
1469 3505 1511 3562 ut
1544 3490 1579 3562 8:
1597 3489 1742 3561 orbium
1761 3486 1880 3582 plana,
1899 3512 1967 3582 per

508 3609 676 3706 ejusdem
704 3607 785 3680 libri
804 3631 940 3703 prop.1
969 3607 1004 3679 81
1032 3608 1305 3704 quiescentibus
1333 3607 1453 3704 planis
1480 3607 1674 3703 quiescunt
1703 3606 1799 3679 nodi.
1855 3604 1964 3676 Atta-

508 3748 594 3797 men
613 3750 635 3795 a
649 3722 878 3818 planetarum
898 3723 1167 3797 revolventium
1182 3724 1454 3797 &cometarum
1469 3723 1673 3797 actionibus
1693 3723 1728 3795 in
1748 3748 1788 3795 se
1807 3722 1965 3794 invicem

507 3841 672 3914 orientur
697 3840 965 3938 inaequalitates
991 3840 1136 3938 aliquae,
1159 3841 1225 3914 sed
1254 3867 1338 3937 quae
1365 3843 1413 3914 ob
1440 3842 1662 3936 parvitatem
1690 3840 1749 3912 hic
1777 3839 1964 3912 contemni

508 3973 673 4053 possunt.

578 4075 694 4147 Corol.
729 4098 756 4147 1.
787 4073 995 4167 Quiescunt
1022 4076 1133 4148 etiam
1161 4075 1277 4150 stellae
1302 4076 1397 4164 fixae,
1429 4090 1626 4172 propterea
1653 4072 1753 4170 quod
1782 4074 1888 4145 datas
1914 4073 1965 4145 ad

507 4187 653 4284 aphelia
671 4189 864 4284 nodosque
881 4191 1084 4285 positiones
1101 4207 1261 4264 servant.
1736 4214 1740 4219 ·

577 4305 694 4377 Corol.
726 4329 757 4378 2.
789 4305 956 4402 Ideoque
986 4332 1069 4378 cum
1105 4306 1204 4379 nulla
1237 4309 1286 4380 sit
1319 4332 1445 4380 earum
1476 4306 1672 4403 parallaxis
1702 4303 1884 4379 sensibilis
1915 4331 1964 4380 ex

506 4433 614 4491 terrae
649 4434 752 4491 motu
787 4446 912 4494 annuo
942 4423 1106 4506 oriunda,
1140 4424 1238 4496 vires
1273 4449 1399 4496 earum
1431 4425 1480 4497 ob
1511 4425 1730 4497 immensam
1765 4448 1961 4520 corporum

506 4534 719 4608 distantiam
738 4535 857 4610 nullos
875 4537 987 4611 edent
1000 4539 1191 4614 sensibiles
1209 4541 1361 4614 effectus
1380 4541 1416 4614 in
1435 4541 1586 4638 regione
1604 4541 1815 4637 systematis
1834 4541 1959 4615 nostri.

508 4651 686 4745 Quinimo
714 4653 798 4726 fixae
834 4654 870 4726 in
901 4679 1030 4727 omnes
1065 4656 1147 4729 coeli
1182 4673 1307 4753 partes
1341 4655 1532 4753 {equaliter
1562 4657 1739 4752 dispersae
1771 4656 1961 4730 contrariis

507 4769 786 4843 attractionibus
804 4769 901 4842 vires
920 4786 1066 4843 mutuas
1084 4772 1286 4858 destruunt,
1307 4798 1373 4868 per
1389 4799 1491 4869 prop.
1513 4796 1589 4845 Lxx
1608 4770 1667 4846 lib.
1696 4797 1722 4845 1.
