1583 1669
486 225 521 243 324
724 219 757 233 DE
767 218 836 233 MOTU
844 217 972 232 CORPORUM

486 271 507 292 O,
517 270 569 289 radio
579 270 596 288 O
603 270 620 288 C
626 269 739 291 describitur,
747 269 765 287 &
774 269 871 288 altitudine
879 269 926 289 OD,

485 299 629 318 construendum
644 299 668 317 sit
683 298 761 317 frustum
777 298 818 317 coni
836 298 926 319 CBGF,

485 328 536 352 quod
552 328 635 346 omnium
655 328 720 346 eadem
738 328 778 345 basi
796 327 813 345 81
831 326 927 345 altitudine

485 361 630 376 constructorum
646 357 664 375 ἃ
678 357 780 375 secundum
798 356 872 381 plagam
887 357 927 375 axis

485 416 561 434 minime
570 416 665 434 resistatur
673 422 677 434 t
691 415 753 434 biseca
762 415 877 433 altitudinem
888 416 928 434 OD

485 445 503 463 in
522 445 539 468 Q
557 445 575 463 &
593 445 663 469 produc
679 444 719 467 OQ
737 444 761 462 ad
779 444 797 462 S
813 448 833 462 ut
848 444 873 462 sit
886 444 929 467 QS

485 474 561 499 aequalis
575 474 592 496 Q
600 474 621 497 C,
639 474 657 492 82
670 474 705 492 erit
718 474 735 491 S
746 477 811 491 vertex
825 473 866 492 coni
876 474 928 498 cujus

485 504 563 522 frustum
572 503 665 527 quaeritur.

520 533 578 551 Unde
591 532 655 553 obiter,
667 538 709 550 cum
722 532 801 557 angulus
816 533 834 550 C
837 533 854 551 S
857 533 877 550 B
889 539 963 557 semper
975 533 999 552 sit
1012 537 1081 554 acutus.
1097 539 1213 556 consequens

485 566 518 583 est,
528 562 578 586 quod
588 561 603 580 si
612 561 691 580 solidum
701 561 722 579 Α
728 562 774 580 ΠΒ
778 562 800 580 Ε
809 561 940 581 convolutione
949 563 1013 587 figurae
1022 562 1107 586 ellipticae
1116 561 1145 580 vel
1154 561 1213 580 ovalis

485 591 505 610 A
513 591 584 609 ΗΒΕ
591 591 639 609 circa
647 597 702 609 axem
710 591 755 609 AB
763 590 812 609 facta
817 596 921 615 generetur,
931 592 949 610 ἃ
959 596 1045 616 tangatur
1054 591 1112 616 figura
1120 597 1213 616 generans

485 627 496 639 a
505 621 560 639 rectis
572 620 631 638 tribus
644 620 690 641 FG,
705 620 756 642 GH,
770 620 813 638 HI
824 621 842 639 in
855 621 929 645 punctis
941 622 964 643 F,
973 622 992 640 B
1001 621 1044 643 &L
1054 627 1076 639 ea
1085 620 1127 645 lege
1136 624 1156 639 ut
1167 620 1216 638 GH

485 650 509 668 sit
518 648 674 674 perpendicularis
683 649 707 667 ad
717 655 771 667 axem
781 649 799 667 in
813 654 882 673 puncto
894 654 990 669 contactus
999 651 1023 673 B,
1033 650 1051 669 &
1059 650 1081 668 F
1084 650 1106 671 G,
1116 650 1141 668 H
1145 650 1160 667 I
1170 656 1212 668 cum

485 679 551 697 eadem
566 678 615 697 GH
623 678 730 696 contineant
738 678 817 703 angulos
830 679 851 697 F
852 679 895 701 ΕΒ,
909 680 969 698 ΒΗ]
976 680 1067 704 graduum
1079 685 1118 702 135,
1127 678 1212 699 solidum.

485 708 536 733 quod
551 707 682 726 convolutione
699 707 764 732 figurae
776 708 797 726 A
804 708 850 726 DF
853 708 871 726 G
875 708 901 726 H
902 709 917 726 I
919 709 940 727 E
952 709 999 727 circa
1012 715 1066 727 axem
1080 708 1160 726 eundem
1169 707 1189 725 A
1194 707 1213 725 B

485 741 589 762 generatur,
600 737 660 755 minus
673 736 764 755 resistitur
777 743 833 761 quam
846 737 926 756 solidum
940 738 1000 762 prius;
1016 738 1031 756 si
1044 737 1101 756 modo
1114 741 1213 761 utrumque

486 766 588 785 secundum
597 765 671 790 plagam
680 766 721 784 axis
730 766 758 784 sui
767 766 787 784 A
796 766 815 784 B
824 767 957 791 progrediatur,
965 767 983 786 δι
992 767 1087 791 utriusque
1096 766 1185 784 terminus
1194 765 1214 783 B

486 795 583 819 praecedat.
613 794 676 818 Quam
685 795 760 819 quidem
769 796 914 819 propositionem
924 797 942 814 in
952 796 1080 815 construendis
1089 795 1167 813 navibus
1176 800 1213 813 non

487 823 569 843 inutilem
578 824 659 842 suturam
667 830 709 842 esse
717 830 789 843 censeo*

521 1171 578 1196 Quod
591 1171 607 1189 si
620 1170 679 1195 figura
692 1169 789 1187 DNFG
801 1168 892 1193 ejusmodi
902 1168 926 1186 sit
934 1174 995 1190 curva,
1005 1172 1030 1189 ut,
1039 1168 1054 1186 si
1064 1169 1088 1187 ab
1097 1168 1137 1193 ejus
1145 1172 1215 1192 puncto

486 1201 553 1226 quovis
562 1200 587 1219 N
594 1200 618 1218 ad
627 1205 682 1217 axem
691 1198 711 1216 A
718 1198 738 1216 B
746 1197 854 1216 demittatur
862 1196 1013 1221 perpendiculum
1026 1198 1052 1215 N
1056 1198 1085 1219 M,
1099 1198 1117 1216 &
1125 1204 1136 1216 a
1145 1202 1215 1222 puncto

487 1230 531 1249 dato
542 1230 560 1248 G
568 1229 646 1247 ducatur
655 1231 704 1246 recta
715 1227 733 1246 G
739 1227 759 1245 R
767 1233 810 1251 quae
823 1226 910 1250 parallela
919 1226 943 1244 sit
952 1230 1006 1245 rectae
1016 1227 1093 1251 figuram
1103 1227 1186 1251 tangenti
1196 1227 1214 1245 in

487 1259 515 1281 N,
531 1258 549 1277 &
563 1264 618 1276 axem
633 1257 743 1281 productum
759 1259 810 1274 secet
824 1256 842 1274 in
856 1255 880 1276 R,
896 1255 950 1274 suerit
964 1255 1023 1273 MN
1035 1255 1059 1273 ad
1075 1255 1093 1274 G
1101 1256 1121 1274 R
1136 1259 1156 1274 ut
1172 1256 1215 1274 GR

486 1288 523 1307 cub.
541 1288 567 1306 ad
584 1287 621 1310 4B
626 1287 645 1305 R
654 1292 666 1304 Χ
676 1286 695 1304 G
699 1285 719 1304 B
723 1292 747 1309 q,-
768 1284 847 1303 solidum
865 1284 916 1308 quod
938 1284 1002 1309 figurae
1024 1284 1078 1309 hujus
1099 1284 1215 1303 revolutione

487 1318 534 1337 circa
547 1322 602 1335 axem
615 1315 635 1334 A
643 1315 662 1333 B
674 1314 723 1333 sacta
731 1314 845 1336 describitur,
856 1313 873 1332 in
888 1313 949 1332 medio
963 1320 1004 1332 raro
1013 1313 1101 1338 praedicto
1110 1313 1134 1331 ab
1143 1314 1163 1331 A
1174 1320 1214 1332 ver-
