4110 5782
891 441 957 498 DE
979 441 1081 500 MOT
1082 442 1113 500 U
1133 438 1387 500 CORPORUM

505 789 877 868 PROPOSITIO
923 793 1096 866 LXIII.
1153 790 1488 864 PROBLEMA
1537 789 1760 862 XXXIX.

413 996 616 1090 Corporum
651 997 818 1082 duorum,
853 1021 934 1091 quo
974 994 1115 1068 viribus
1156 993 1336 1088 qccodrato
1362 990 1555 1063 'distortio
1585 1017 1660 1063 sure
1693 992 1865 1085 reciproce

451 1131 792 1224 proportionalibus
807 1156 843 1202 sc
859 1139 985 1201 rccutcco
1005 1128 1171 1216 tralcrcrct,
1191 1127 1299 1222 deque
1323 1126 1407 1198 locc's
1423 1125 1530 1215 datis,
1548 1126 1740 1198 secondom
1757 1126 1864 1198 dictas

460 1272 581 1349 rectos,
600 1264 697 1336 datis
713 1290 793 1336 cum
811 1264 1052 1337 velocitotc'bccs
1069 1270 1205 1348 crerint,
1224 1261 1464 1331 determinare
1480 1269 1606 1333 motus

480 1464 541 1536 Ex
571 1465 667 1537 datis
698 1466 1090 1561 corporummotibus
1125 1464 1194 1536 sub
1230 1462 1342 1548 initio,
1379 1461 1488 1534 datur
1517 1461 1709 1533 uniformis
1740 1475 1862 1533 motus

410 1581 525 1652 centri
561 1583 766 1653 communis
800 1582 1002 1678 gravitatis,
1030 1598 1072 1655 ut
1098 1582 1134 1654 &
1160 1596 1282 1653 motus
1309 1580 1427 1675 spatii,
1456 1578 1556 1673 quod
1583 1601 1766 1649 unacum
1793 1576 1863 1649 hoc

413 1712 540 1769 centro
574 1715 745 1770 movetur
779 1699 1010 1771 uniformiter
1044 1699 1080 1770 in
1115 1698 1305 1784 directum,
1343 1721 1410 1768 nec
1446 1720 1519 1767 non
1555 1718 1749 1789 corporum
1785 1719 1862 1764 mo-

410 1827 469 1884 tus
513 1812 670 1886 initiales
706 1832 873 1910 respectu
909 1816 1018 1913 hujus
1053 1814 1171 1910 spatii.
1254 1813 1382 1886 Motus
1426 1828 1549 1884 autem
1594 1811 1864 1906 subsequentes

412 1927 493 2024 (per
527 1928 650 2027 legum
678 1932 908 2004 corollarium
935 1933 1114 2028 quintum,
1143 1930 1396 2003 &theorema
1423 1928 1680 2025 novissimum)
1710 1927 1864 2024 perinde
1918 2022 1920 2025 Ι

410 2045 502 2119 fiunt
529 2047 565 2120 in
593 2048 663 2122 hoc
693 2050 823 2145 spati0,
859 2075 901 2121 ac
936 2050 967 2121 si
1002 2049 1163 2143 spatium
1199 2049 1319 2143 ipsum
1355 2071 1428 2119 una
1463 2072 1545 2118 cum
1581 2047 1767 2118 communi
1803 2044 1864 2119 illo

407 2165 601 2261 gravitatis
637 2182 764 2240 centro
800 2167 1014 2263 quiesceret,
1052 2166 1088 2238 &
1123 2191 1277 2260 corpora
1312 2187 1385 2235 non
1428 2163 1616 2236 traherent
1649 2189 1690 2236 se
1725 2178 1863 2249 mutu0,

408 2280 474 2352 sed
493 2306 516 2351 a
533 2306 686 2376 corpore
705 2284 813 2356 tertio
839 2284 911 2356 sito
934 2284 971 2355 in
998 2297 1124 2355 centro
1151 2279 1212 2353 illo
1238 2280 1478 2353 traherentur.
1552 2280 1728 2376 Corporis
1755 2281 1866 2377 igitur

408 2395 618 2470 alterutrius
654 2399 689 2469 in
726 2399 795 2472 hoc
830 2400 951 2495 spatio
986 2398 1121 2484 mobili,
1159 2397 1207 2470 de
1241 2396 1323 2470 loco
1357 2397 1455 2483 dato,
1492 2399 1694 2471 secundum
1738 2399 1864 2471 datam

408 2529 556 2597 rectam,
589 2513 677 2586 data
711 2540 794 2587 cum
823 2515 1017 2589 velocitate
1044 2516 1222 2600 exeuntis,
1251 2515 1287 2587 81
1313 2515 1350 2587 vi
1377 2516 1580 2610 centripeta
1614 2516 1662 2587 ad
1698 2532 1864 2588 centrum

409 2629 497 2703 illud
533 2629 710 2703 tendente
754 2633 921 2728 correpti,
965 2631 1268 2705 determinandus
1304 2648 1361 2705 est
1404 2648 1526 2705 motus
1561 2658 1627 2726 per
1670 2631 1864 2728 problema

410 2772 548 2820 nonum
580 2747 616 2819 81
644 2748 859 2821 vicesimum
895 2766 1059 2824 sextum:
1104 2750 1140 2822 81
1175 2749 1371 2822 habebitur
1400 2749 1507 2821 simul
1543 2767 1665 2823 motus
1700 2752 1864 2846 corporis

408 2862 557 2935 alterius
588 2864 723 2936 circum
752 2864 851 2937 idem
882 2882 1057 2939 centrum.
1137 2865 1232 2937 Cum
1264 2865 1333 2962 hoc
1365 2881 1467 2937 motu
1499 2866 1776 2960 componendus
1807 2882 1865 2939 est

409 2981 600 3053 uniformis
620 2978 679 3054 ille
697 2982 908 3077 systematis
935 2981 1043 3076 spatii
1071 2979 1106 3053 ἃ
1134 3006 1328 3076 corporum
1357 2982 1393 3054 in
1424 3007 1469 3055 eo
1499 2983 1711 3078 gyrantium
1742 3001 1864 3056 motus

409 3099 666 3194 progressivus
685 3124 796 3194 supra
820 3100 1003 3184 inventus,
1022 3099 1059 3171 dt
1084 3099 1280 3172 habebitur
1305 3117 1427 3173 motus
1453 3099 1643 3173 absolutus
1670 3126 1864 3196 corporum

410 3215 446 3286 in
465 3215 586 3310 spatio
604 3214 791 3289 immobili.
847 3216 988 3306 QEJ.

574 3564 948 3639 PROPOSIT'IO
995 3567 1158 3643 LXIV.
1228 3569 1562 3642 PROBLEMA
1610 3571 1700 3644 XL.

420 3763 571 3838 Viribus
603 3767 733 3862 quibos
767 3776 918 3861 corporo
951 3793 987 3839 sc
1022 3777 1149 3840 mutuo
1180 3769 1341 3841 tralcccnt
1372 3771 1602 3843 crescentibus
1635 3772 1675 3843 in
1708 3772 1869 3866 simplici

461 3900 603 3972 rotrone
633 3900 899 3974 distantiarum
929 3927 952 3973 a
984 3903 1139 3976 contris:
1178 3903 1424 3999 requiruntur
1448 3913 1565 3976 motus
1584 3906 1761 3999 plurium
1788 3933 1863 3978 cor-

451 4043 591 4128 porum
610 4034 710 4106 inter
723 4061 765 4108 se.

483 4234 672 4308 Ponantur
688 4233 807 4329 primo
825 4260 979 4331 corpora
1005 4237 1080 4310 duo
1105 4238 1143 4309 T
1155 4237 1191 4311 81
1208 4239 1243 4310 L
1264 4264 1459 4312 commune
1483 4239 1656 4313 habentia
1673 4241 1865 4338 gravitatis

411 4366 576 4425 centrum
611 4353 662 4424 D.
737 4352 959 4425 Describent
999 4353 1078 4427 haec
1124 4353 1205 4450 (per
1246 4352 1475 4428 corollarium
1518 4357 1678 4451 primum
1722 4357 1864 4430 theore-

413 4470 521 4541 matis
557 4469 640 4566 xxr)
673 4468 820 4565 ellipses
856 4486 981 4543 centra
1007 4471 1186 4544 habentes
1217 4473 1253 4544 in
1288 4473 1339 4557 D,
1376 4497 1530 4569 quarum
1567 4474 1784 4571 magnitudo
1818 4500 1865 4547 ex

411 4583 640 4680 problemate
658 4609 682 4656 v
700 4587 903 4660 innotescit.

481 4701 624 4774 Trahat
636 4703 715 4799 jam
734 4728 866 4799 corpus
885 4703 1032 4776 tertium
1061 4703 1094 4774 S
1117 4703 1238 4798 priora
1264 4704 1339 4777 duo
1373 4705 1457 4777 T&
1475 4707 1510 4778 L
1531 4706 1669 4779 viribus
1687 4707 1865 4781 accelera-

413 4817 565 4891 tricibus
584 4819 617 4890 S
636 4819 676 4902 T,
696 4820 730 4891 S
740 4821 787 4903 L,
809 4819 846 4893 dr
864 4821 911 4892 ab
930 4820 1019 4915 ipsis
1036 4818 1198 4891 vicissim
1217 4819 1390 4895 trahatur.
1447 4821 1515 4894 Vis
1533 4822 1568 4893 S
1585 4822 1623 4893 T
1637 4824 1717 4917 (per
1742 4821 1865 4919 legum
