<?xml version="1.0" encoding="UTF-8"?>
<!DOCTYPE html PUBLIC "-//W3C//DTD XHTML 1.0 Transitional//EN"
    "http://www.w3.org/TR/xhtml1/DTD/xhtml1-transitional.dtd">
<html xmlns="http://www.w3.org/1999/xhtml" xml:lang="en" lang="en">
 <head>
  <title>
</title>
<meta http-equiv="Content-Type" content="text/html;charset=utf-8" />
  <meta name='ocr-system' content='tesseract 3.04.00' />
  <meta name='ocr-capabilities' content='ocr_page ocr_carea ocr_par ocr_line ocrx_word'/>
</head>
<body>
  <div class='ocr_page' id='page_1' title='image "./sirisaacnewtons01newtgoog_0164.png"; bbox 0 0 4088 5768; ppageno 0'>
   <div class='ocr_carea' id='block_1_1' title="bbox 851 399 1197 460">
    <p class='ocr_par' dir='ltr' id='par_1_1' title="bbox 851 399 1197 460">
     <span class='ocr_line' id='line_1_1' title="bbox 851 399 1197 460; baseline 0.006 -4"><span class='ocrx_word' id='word_1_1' title='bbox 851 399 993 458; x_wconf 83' lang='lat' dir='ltr'><em>LIBER</em></span> <span class='ocrx_word' id='word_1_2' title='bbox 1013 400 1197 460; x_wconf 85' lang='lat' dir='ltr'><em>PRIMUS.</em></span> 
     </span>
    </p>
   </div>
   <div class='ocr_carea' id='block_1_2' title="bbox 801 773 1251 850">
    <p class='ocr_par' dir='ltr' id='par_1_2' title="bbox 801 773 1251 850">
     <span class='ocr_line' id='line_1_2' title="bbox 801 773 1251 850; baseline 0.007 -4"><span class='ocrx_word' id='word_1_3' title='bbox 801 773 1058 847; x_wconf 86' lang='lat' dir='ltr'>SECTIO</span> <span class='ocrx_word' id='word_1_4' title='bbox 1104 776 1251 850; x_wconf 88' lang='lat' dir='ltr'>VIII.</span> 
     </span>
    </p>
   </div>
   <div class='ocr_carea' id='block_1_3' title="bbox 298 987 1757 1091">
    <p class='ocr_par' dir='ltr' id='par_1_3' title="bbox 298 987 1757 1091">
     <span class='ocr_line' id='line_1_3' title="bbox 298 987 1757 1091; baseline 0.003 -29"><span class='ocrx_word' id='word_1_5' title='bbox 298 991 357 1062; x_wconf 85' lang='lat' dir='ltr'><em>De</em></span> <span class='ocrx_word' id='word_1_6' title='bbox 375 988 579 1062; x_wconf 77' lang='lat' dir='ltr'><em>inventione</em></span> <span class='ocrx_word' id='word_1_7' title='bbox 602 987 747 1061; x_wconf 84' lang='lat' dir='ltr'><em>orbium</em></span> <span class='ocrx_word' id='word_1_8' title='bbox 773 988 813 1061; x_wconf 94' lang='lat' dir='ltr'><em>in</em></span> <span class='ocrx_word' id='word_1_9' title='bbox 839 990 969 1086; x_wconf 90' lang='lat' dir='ltr'><em>quibus</em></span> <span class='ocrx_word' id='word_1_10' title='bbox 995 1001 1147 1086; x_wconf 75' lang='lat' dir='ltr'><em>corpora</em></span> <span class='ocrx_word' id='word_1_11' title='bbox 1171 992 1313 1065; x_wconf 85' lang='lat' dir='ltr'><em>viribus</em></span> <span class='ocrx_word' id='word_1_12' title='bbox 1337 991 1606 1091; x_wconf 79' lang='lat' dir='ltr'><em>quibuscunque</em></span> <span class='ocrx_word' id='word_1_13' title='bbox 1628 995 1757 1067; x_wconf 85' lang='lat' dir='ltr'><em>centri·</em></span> 
     </span>
    </p>
   </div>
   <div class='ocr_carea' id='block_1_4' title="bbox 758 1141 1288 1238">
    <p class='ocr_par' dir='ltr' id='par_1_4' title="bbox 758 1141 1288 1238">
     <span class='ocr_line' id='line_1_4' title="bbox 758 1141 1288 1238; baseline 0.006 -25"><span class='ocrx_word' id='word_1_14' title='bbox 758 1141 856 1234; x_wconf 78' lang='lat' dir='ltr'><em>petis</em></span> <span class='ocrx_word' id='word_1_15' title='bbox 880 1143 1023 1238; x_wconf 79' lang='lat' dir='ltr'><em>agitata</em></span> <span class='ocrx_word' id='word_1_16' title='bbox 1041 1144 1288 1216; x_wconf 85' lang='lat' dir='ltr'><em>revolvuntur.</em></span> 
     </span>
    </p>
   </div>
   <div class='ocr_carea' id='block_1_5' title="bbox 481 1464 1565 1592">
    <p class='ocr_par' dir='ltr' id='par_1_5' title="bbox 481 1464 1565 1592">
     <span class='ocr_line' id='line_1_5' title="bbox 481 1464 1565 1592; baseline 0.003 -4"><span class='ocrx_word' id='word_1_17' title='bbox 481 1464 854 1588; x_wconf 73' lang='lat' dir='ltr'><em>Paoeosisio</em></span> <span class='ocrx_word' id='word_1_18' title='bbox 893 1514 982 1587; x_wconf 84' lang='lat' dir='ltr'><em>XL.</em></span> <span class='ocrx_word' id='word_1_19' title='bbox 1039 1514 1394 1589; x_wconf 65' lang='lat' dir='ltr'><em>insonans</em></span> <span class='ocrx_word' id='word_1_20' title='bbox 1434 1518 1565 1592; x_wconf 80' lang='lat' dir='ltr'><em>xiii.</em></span> 
     </span>
    </p>
   </div>
   <div class='ocr_carea' id='block_1_6' title="bbox 299 1729 1757 2229">
    <p class='ocr_par' dir='ltr' id='par_1_6' title="bbox 299 1729 1757 2229">
     <span class='ocr_line' id='line_1_6' title="bbox 299 1729 1756 1831; baseline 0.003 -28"><span class='ocrx_word' id='word_1_21' title='bbox 299 1731 345 1804; x_wconf 88' lang='lat' dir='ltr'><em>Si</em></span> <span class='ocrx_word' id='word_1_22' title='bbox 375 1741 513 1826; x_wconf 76' lang='lat' dir='ltr'><em>corpus,</em></span> <span class='ocrx_word' id='word_1_23' title='bbox 544 1741 682 1828; x_wconf 75' lang='lat' dir='ltr'><em>cogente</em></span> <span class='ocrx_word' id='word_1_24' title='bbox 714 1730 755 1802; x_wconf 90' lang='lat' dir='ltr'><em>vi</em></span> <span class='ocrx_word' id='word_1_25' title='bbox 783 1754 996 1826; x_wconf 88' lang='lat' dir='ltr'><em>quacunque</em></span> <span class='ocrx_word' id='word_1_26' title='bbox 1027 1729 1231 1823; x_wconf 80' lang='lat' dir='ltr'><em>centn&#39;peta,</em></span> <span class='ocrx_word' id='word_1_27' title='bbox 1260 1744 1448 1806; x_wconf 85' lang='lat' dir='ltr'><em>moveatur</em></span> <span class='ocrx_word' id='word_1_28' title='bbox 1479 1744 1668 1831; x_wconf 89' lang='lat' dir='ltr'><em>utcunque,</em></span> <span class='ocrx_word' id='word_1_29' title='bbox 1707 1737 1756 1814; x_wconf 75' lang='lat'><em>&amp;³</em></span> 
     </span>
     <span class='ocr_line' id='line_1_7' title="bbox 346 1862 1756 1962; baseline 0.003 -25"><span class='ocrx_word' id='word_1_30' title='bbox 346 1876 475 1962; x_wconf 76' lang='lat' dir='ltr'><em>eorpus</em></span> <span class='ocrx_word' id='word_1_31' title='bbox 490 1864 600 1938; x_wconf 86' lang='lat' dir='ltr'><em>aliud</em></span> <span class='ocrx_word' id='word_1_32' title='bbox 612 1875 707 1937; x_wconf 89' lang='lat' dir='ltr'><em>recta</em></span> <span class='ocrx_word' id='word_1_33' title='bbox 723 1862 890 1937; x_wconf 82' lang='lat' dir='ltr'><em>ascendat</em></span> <span class='ocrx_word' id='word_1_34' title='bbox 905 1864 964 1935; x_wconf 92' lang='lat' dir='ltr'><em>vel</em></span> <span class='ocrx_word' id='word_1_35' title='bbox 980 1862 1171 1947; x_wconf 84' lang='lat' dir='ltr'><em>descendat,</em></span> <span class='ocrx_word' id='word_1_36' title='bbox 1189 1863 1333 1960; x_wconf 90' lang='lat' dir='ltr'><em>sintque</em></span> <span class='ocrx_word' id='word_1_37' title='bbox 1353 1892 1477 1938; x_wconf 86' lang='lat' dir='ltr'><em>eorum</em></span> <span class='ocrx_word' id='word_1_38' title='bbox 1493 1868 1690 1940; x_wconf 79' lang='lat' dir='ltr'><em>velocitates</em></span> <span class='ocrx_word' id='word_1_39' title='bbox 1715 1868 1756 1941; x_wconf 91' lang='lat' dir='ltr'><em>in</em></span> 
     </span>
     <span class='ocr_line' id='line_1_8' title="bbox 346 1996 1757 2095; baseline 0.001 -24"><span class='ocrx_word' id='word_1_40' title='bbox 346 2000 469 2095; x_wconf 92' lang='lat' dir='ltr'><em>aliquo</em></span> <span class='ocrx_word' id='word_1_41' title='bbox 502 1999 700 2094; x_wconf 75' lang='lat' dir='ltr'><em>equalium</em></span> <span class='ocrx_word' id='word_1_42' title='bbox 733 1996 976 2070; x_wconf 82' lang='lat' dir='ltr'><em>altitudinum</em></span> <span class='ocrx_word' id='word_1_43' title='bbox 1009 2023 1094 2070; x_wconf 94' lang='lat' dir='ltr'><em>casu</em></span> <span class='ocrx_word' id='word_1_44' title='bbox 1132 2000 1293 2094; x_wconf 86' lang='lat' dir='ltr'><em>aquales,</em></span> <span class='ocrx_word' id='word_1_45' title='bbox 1330 2000 1525 2073; x_wconf 85' lang='lat' dir='ltr'><em>velocitates</em></span> <span class='ocrx_word' id='word_1_46' title='bbox 1557 2025 1681 2072; x_wconf 84' lang='lat' dir='ltr'><em>eornm</em></span> <span class='ocrx_word' id='word_1_47' title='bbox 1714 2000 1757 2073; x_wconf 89' lang='lat' dir='ltr'><em>iu</em></span> 
     </span>
     <span class='ocr_line' id='line_1_9' title="bbox 346 2131 1301 2229; baseline -0.001 -23"><span class='ocrx_word' id='word_1_48' title='bbox 346 2135 511 2207; x_wconf 87' lang='lat' dir='ltr'><em>omuibus</em></span> <span class='ocrx_word' id='word_1_49' title='bbox 526 2133 725 2229; x_wconf 76' lang='lat' dir='ltr'><em>aequalibus</em></span> <span class='ocrx_word' id='word_1_50' title='bbox 740 2131 1002 2204; x_wconf 81' lang='lat' dir='ltr'><em>altitudinibus</em></span> <span class='ocrx_word' id='word_1_51' title='bbox 1018 2141 1130 2203; x_wconf 84' lang='lat' dir='ltr'><em>erunt</em></span> <span class='ocrx_word' id='word_1_52' title='bbox 1141 2133 1301 2227; x_wconf 86' lang='lat' dir='ltr'><em>aquales.</em></span> 
     </span>
    </p>
   </div>
   <div class='ocr_carea' id='block_1_7' title="bbox 205 2361 1755 4920">
    <p class='ocr_par' dir='ltr' id='par_1_7' title="bbox 291 2361 1755 3753">
     <span class='ocr_line' id='line_1_10' title="bbox 367 2361 1755 2460; baseline 0.001 -24"><span class='ocrx_word' id='word_1_53' title='bbox 367 2364 583 2438; x_wconf 91' lang='lat' dir='ltr'><em>Descendat</em></span> <span class='ocrx_word' id='word_1_54' title='bbox 610 2390 744 2460; x_wconf 93' lang='lat' dir='ltr'><em>corpus</em></span> <span class='ocrx_word' id='word_1_55' title='bbox 775 2361 926 2459; x_wconf 88' lang='lat' dir='ltr'><em>aliquod</em></span> <span class='ocrx_word' id='word_1_56' title='bbox 957 2364 1004 2436; x_wconf 93' lang='lat' dir='ltr'><em>ab</em></span> <span class='ocrx_word' id='word_1_57' title='bbox 1035 2365 1075 2436; x_wconf 82' lang='lat' dir='ltr'><em>A</em></span> <span class='ocrx_word' id='word_1_58' title='bbox 1110 2389 1177 2459; x_wconf 92' lang='lat' dir='ltr'><em>per</em></span> <span class='ocrx_word' id='word_1_59' title='bbox 1203 2364 1254 2449; x_wconf 87' lang='lat' dir='ltr'><em>D,</em></span> <span class='ocrx_word' id='word_1_60' title='bbox 1283 2364 1331 2451; x_wconf 89' lang='lat' dir='ltr'><em>E,</em></span> <span class='ocrx_word' id='word_1_61' title='bbox 1360 2363 1408 2437; x_wconf 91' lang='lat' dir='ltr'><em>ad</em></span> <span class='ocrx_word' id='word_1_62' title='bbox 1440 2381 1607 2439; x_wconf 88' lang='lat' dir='ltr'><em>centrum</em></span> <span class='ocrx_word' id='word_1_63' title='bbox 1647 2365 1685 2450; x_wconf 87' lang='lat' dir='ltr'><em>C,</em></span> <span class='ocrx_word' id='word_1_64' title='bbox 1719 2364 1755 2438; x_wconf 64' lang='lat'><em>82</em></span> 
     </span>
     <span class='ocr_line' id='line_1_11' title="bbox 297 2478 1754 2576; baseline 0.001 -23"><span class='ocrx_word' id='word_1_65' title='bbox 297 2497 492 2553; x_wconf 91' lang='lat' dir='ltr'><em>moveatur</em></span> <span class='ocrx_word' id='word_1_66' title='bbox 509 2506 640 2576; x_wconf 92' lang='lat' dir='ltr'><em>corpus</em></span> <span class='ocrx_word' id='word_1_67' title='bbox 669 2478 768 2552; x_wconf 93' lang='lat' dir='ltr'><em>aliud</em></span> <span class='ocrx_word' id='word_1_68' title='bbox 787 2506 810 2552; x_wconf 91' lang='lat' dir='ltr'><em>a</em></span> <span class='ocrx_word' id='word_1_69' title='bbox 836 2481 874 2552; x_wconf 86' lang='lat' dir='ltr'><em>V</em></span> <span class='ocrx_word' id='word_1_70' title='bbox 887 2482 924 2553; x_wconf 89' lang='lat' dir='ltr'><em>in</em></span> <span class='ocrx_word' id='word_1_71' title='bbox 946 2479 1043 2555; x_wconf 90' lang='lat' dir='ltr'><em>linea</em></span> <span class='ocrx_word' id='word_1_72' title='bbox 1061 2506 1174 2554; x_wconf 88' lang='lat' dir='ltr'><em>curva</em></span> <span class='ocrx_word' id='word_1_73' title='bbox 1201 2481 1239 2553; x_wconf 89' lang='lat' dir='ltr'><em>V</em></span> <span class='ocrx_word' id='word_1_74' title='bbox 1244 2482 1272 2552; x_wconf 93' lang='lat' dir='ltr'><em>I</em></span> <span class='ocrx_word' id='word_1_75' title='bbox 1278 2482 1326 2554; x_wconf 92' lang='lat' dir='ltr'><em>K</em></span> <span class='ocrx_word' id='word_1_76' title='bbox 1334 2483 1368 2556; x_wconf 78' lang='lat' dir='ltr'><em>k.</em></span> <span class='ocrx_word' id='word_1_77' title='bbox 1437 2483 1576 2557; x_wconf 89' lang='lat' dir='ltr'><em>Centro</em></span> <span class='ocrx_word' id='word_1_78' title='bbox 1597 2483 1631 2556; x_wconf 87' lang='lat' dir='ltr'><em>C</em></span> <span class='ocrx_word' id='word_1_79' title='bbox 1645 2484 1754 2555; x_wconf 93' lang='lat' dir='ltr'><em>inter-</em></span> 
     </span>
     <span class='ocr_line' id='line_1_12' title="bbox 296 2596 1754 2694; baseline 0.003 -25"><span class='ocrx_word' id='word_1_80' title='bbox 296 2596 402 2670; x_wconf 91' lang='lat' dir='ltr'><em>vallis</em></span> <span class='ocrx_word' id='word_1_81' title='bbox 437 2598 629 2694; x_wconf 86' lang='lat' dir='ltr'><em>quibusvis</em></span> <span class='ocrx_word' id='word_1_82' title='bbox 671 2599 927 2672; x_wconf 88' lang='lat' dir='ltr'><em>describantur</em></span> <span class='ocrx_word' id='word_1_83' title='bbox 963 2597 1087 2671; x_wconf 89' lang='lat' dir='ltr'><em>circuli</em></span> <span class='ocrx_word' id='word_1_84' title='bbox 1131 2600 1351 2672; x_wconf 88' lang='lat' dir='ltr'><em>concentrici</em></span> <span class='ocrx_word' id='word_1_85' title='bbox 1381 2600 1473 2686; x_wconf 85' lang='lat' dir='ltr'><em>DI,</em></span> <span class='ocrx_word' id='word_1_86' title='bbox 1510 2601 1551 2672; x_wconf 89' lang='lat' dir='ltr'><em>E</em></span> <span class='ocrx_word' id='word_1_87' title='bbox 1565 2601 1613 2673; x_wconf 92' lang='lat' dir='ltr'><em>K</em></span> <span class='ocrx_word' id='word_1_88' title='bbox 1644 2615 1754 2673; x_wconf 84' lang='lat' dir='ltr'><em>rectae</em></span> 
     </span>
     <span class='ocr_line' id='line_1_13' title="bbox 295 2716 1449 2812; baseline 0.001 -25"><span class='ocrx_word' id='word_1_89' title='bbox 295 2717 336 2787; x_wconf 81' lang='lat' dir='ltr'><em>A</em></span> <span class='ocrx_word' id='word_1_90' title='bbox 354 2716 388 2789; x_wconf 89' lang='lat' dir='ltr'><em>C</em></span> <span class='ocrx_word' id='word_1_91' title='bbox 402 2717 438 2788; x_wconf 95' lang='lat' dir='ltr'><em>in</em></span> <span class='ocrx_word' id='word_1_92' title='bbox 457 2717 499 2787; x_wconf 88' lang='lat' dir='ltr'><em>D</em></span> <span class='ocrx_word' id='word_1_93' title='bbox 516 2716 552 2788; x_wconf 86' lang='lat'>&amp;</span> <span class='ocrx_word' id='word_1_94' title='bbox 569 2717 616 2803; x_wconf 88' lang='lat' dir='ltr'><em>E,</em></span> <span class='ocrx_word' id='word_1_95' title='bbox 636 2741 834 2812; x_wconf 84' lang='lat' dir='ltr'><em>curvaeque</em></span> <span class='ocrx_word' id='word_1_96' title='bbox 869 2716 907 2787; x_wconf 88' lang='lat' dir='ltr'><em>V</em></span> <span class='ocrx_word' id='word_1_97' title='bbox 912 2719 940 2789; x_wconf 92' lang='lat' dir='ltr'><em>I</em></span> <span class='ocrx_word' id='word_1_98' title='bbox 947 2717 994 2789; x_wconf 92' lang='lat' dir='ltr'><em>K</em></span> <span class='ocrx_word' id='word_1_99' title='bbox 1016 2717 1054 2789; x_wconf 93' lang='lat' dir='ltr'><em>in</em></span> <span class='ocrx_word' id='word_1_100' title='bbox 1080 2719 1108 2789; x_wconf 92' lang='lat' dir='ltr'><em>I</em></span> <span class='ocrx_word' id='word_1_101' title='bbox 1130 2716 1166 2790; x_wconf 69' lang='lat'><em>81</em></span> <span class='ocrx_word' id='word_1_102' title='bbox 1189 2717 1237 2789; x_wconf 92' lang='lat' dir='ltr'><em>K</em></span> <span class='ocrx_word' id='word_1_103' title='bbox 1258 2739 1449 2789; x_wconf 91' lang='lat' dir='ltr'><em>occurren·</em></span> 
     </span>
     <span class='ocr_line' id='line_1_14' title="bbox 296 2832 1449 2930; baseline 0 -25"><span class='ocrx_word' id='word_1_104' title='bbox 296 2848 361 2906; x_wconf 93' lang='lat' dir='ltr'><em>tes.</em></span> <span class='ocrx_word' id='word_1_105' title='bbox 431 2833 617 2930; x_wconf 70' lang='lat' dir='ltr'><em>jungatur</em></span> <span class='ocrx_word' id='word_1_106' title='bbox 641 2834 720 2906; x_wconf 87' lang='lat' dir='ltr'><em>IC</em></span> <span class='ocrx_word' id='word_1_107' title='bbox 742 2858 937 2906; x_wconf 89' lang='lat' dir='ltr'><em>occurrens</em></span> <span class='ocrx_word' id='word_1_108' title='bbox 964 2834 1033 2929; x_wconf 92' lang='lat' dir='ltr'><em>ipsi</em></span> <span class='ocrx_word' id='word_1_109' title='bbox 1057 2834 1105 2905; x_wconf 92' lang='lat' dir='ltr'><em>K</em></span> <span class='ocrx_word' id='word_1_110' title='bbox 1118 2835 1159 2905; x_wconf 88' lang='lat' dir='ltr'><em>E</em></span> <span class='ocrx_word' id='word_1_111' title='bbox 1184 2834 1220 2905; x_wconf 94' lang='lat' dir='ltr'><em>in</em></span> <span class='ocrx_word' id='word_1_112' title='bbox 1247 2834 1299 2904; x_wconf 94' lang='lat' dir='ltr'><em>N</em></span> <span class='ocrx_word' id='word_1_113' title='bbox 1304 2865 1319 2919; x_wconf 89' lang='lat'><em>;</em></span> <span class='ocrx_word' id='word_1_114' title='bbox 1350 2832 1386 2905; x_wconf 73' lang='lat'><em>81</em></span> <span class='ocrx_word' id='word_1_115' title='bbox 1412 2833 1449 2905; x_wconf 94' lang='lat' dir='ltr'><em>in</em></span> 
     </span>
     <span class='ocr_line' id='line_1_15' title="bbox 294 2949 1449 3046; baseline -0.001 -23"><span class='ocrx_word' id='word_1_116' title='bbox 294 2952 324 3023; x_wconf 98' lang='lat' dir='ltr'><em>I</em></span> <span class='ocrx_word' id='word_1_117' title='bbox 332 2951 380 3023; x_wconf 93' lang='lat' dir='ltr'><em>K</em></span> <span class='ocrx_word' id='word_1_118' title='bbox 410 2951 625 3024; x_wconf 88' lang='lat' dir='ltr'><em>demittatur</em></span> <span class='ocrx_word' id='word_1_119' title='bbox 658 2949 961 3046; x_wconf 85' lang='lat' dir='ltr'><em>perpendiculum</em></span> <span class='ocrx_word' id='word_1_120' title='bbox 992 2951 1042 3022; x_wconf 91' lang='lat' dir='ltr'><em>N</em></span> <span class='ocrx_word' id='word_1_121' title='bbox 1060 2950 1098 3022; x_wconf 83' lang='lat' dir='ltr'><em>T</em></span> <span class='ocrx_word' id='word_1_122' title='bbox 1101 2981 1115 3035; x_wconf 85' lang='lat'><em>,·</em></span> <span class='ocrx_word' id='word_1_123' title='bbox 1149 2950 1272 3046; x_wconf 89' lang='lat' dir='ltr'><em>sitque</em></span> <span class='ocrx_word' id='word_1_124' title='bbox 1298 2949 1449 3022; x_wconf 89' lang='lat' dir='ltr'><em>circum-</em></span> 
     </span>
     <span class='ocr_line' id='line_1_16' title="bbox 294 3067 1565 3163; baseline 0.001 -25"><span class='ocrx_word' id='word_1_125' title='bbox 294 3067 531 3141; x_wconf 80' lang='lat' dir='ltr'><em>ferentiarum</em></span> <span class='ocrx_word' id='word_1_126' title='bbox 549 3067 765 3141; x_wconf 86' lang='lat' dir='ltr'><em>circulorum</em></span> <span class='ocrx_word' id='word_1_127' title='bbox 784 3067 1016 3141; x_wconf 91' lang='lat' dir='ltr'><em>intervallum</em></span> <span class='ocrx_word' id='word_1_128' title='bbox 1040 3068 1136 3140; x_wconf 87' lang='lat' dir='ltr'><em>DE</em></span> <span class='ocrx_word' id='word_1_129' title='bbox 1150 3067 1210 3140; x_wconf 93' lang='lat' dir='ltr'><em>vel</em></span> <span class='ocrx_word' id='word_1_130' title='bbox 1228 3067 1316 3140; x_wconf 90' lang='lat' dir='ltr'><em>IN</em></span> <span class='ocrx_word' id='word_1_131' title='bbox 1339 3091 1450 3163; x_wconf 91' lang='lat' dir='ltr'><em>quam</em></span> <span class='ocrx_word' id='word_1_132' title='bbox 1563 3148 1565 3152; x_wconf 23' lang='lat'>¹</span> 
     </span>
     <span class='ocr_line' id='line_1_17' title="bbox 295 3185 1451 3281; baseline -0.001 -23"><span class='ocrx_word' id='word_1_133' title='bbox 295 3187 498 3272; x_wconf 89' lang='lat' dir='ltr'><em>minimum,</em></span> <span class='ocrx_word' id='word_1_134' title='bbox 535 3186 571 3259; x_wconf 71' lang='lat'><em>81</em></span> <span class='ocrx_word' id='word_1_135' title='bbox 606 3186 768 3259; x_wconf 89' lang='lat' dir='ltr'><em>habeant</em></span> <span class='ocrx_word' id='word_1_136' title='bbox 802 3211 956 3281; x_wconf 84' lang='lat' dir='ltr'><em>corpora</em></span> <span class='ocrx_word' id='word_1_137' title='bbox 984 3186 1019 3258; x_wconf 92' lang='lat' dir='ltr'><em>in</em></span> <span class='ocrx_word' id='word_1_138' title='bbox 1046 3186 1089 3257; x_wconf 82' lang='lat' dir='ltr'><em>l)</em></span> <span class='ocrx_word' id='word_1_139' title='bbox 1115 3185 1151 3259; x_wconf 83' lang='lat' dir='ltr'><em>8t</em></span> <span class='ocrx_word' id='word_1_140' title='bbox 1184 3187 1214 3258; x_wconf 91' lang='lat' dir='ltr'><em>I</em></span> <span class='ocrx_word' id='word_1_141' title='bbox 1236 3186 1451 3260; x_wconf 89' lang='lat' dir='ltr'><em>velocitates</em></span> 
     </span>
     <span class='ocr_line' id='line_1_18' title="bbox 294 3302 1452 3400; baseline 0.001 -25"><span class='ocrx_word' id='word_1_142' title='bbox 294 3302 467 3399; x_wconf 85' lang='lat' dir='ltr'><em>aequales.</em></span> <span class='ocrx_word' id='word_1_143' title='bbox 523 3303 710 3396; x_wconf 83' lang='lat' dir='ltr'><em>Quoniam</em></span> <span class='ocrx_word' id='word_1_144' title='bbox 729 3304 913 3378; x_wconf 74' lang='lat' dir='ltr'><em>distantiae</em></span> <span class='ocrx_word' id='word_1_145' title='bbox 935 3303 1021 3391; x_wconf 87' lang='lat' dir='ltr'><em>CD,</em></span> <span class='ocrx_word' id='word_1_146' title='bbox 1045 3305 1108 3377; x_wconf 86' lang='lat' dir='ltr'><em>CI</em></span> <span class='ocrx_word' id='word_1_147' title='bbox 1121 3319 1324 3400; x_wconf 87' lang='lat' dir='ltr'><em>aequantur,</em></span> <span class='ocrx_word' id='word_1_148' title='bbox 1344 3320 1452 3376; x_wconf 86' lang='lat' dir='ltr'><em>erunt</em></span> 
     </span>
     <span class='ocr_line' id='line_1_19' title="bbox 292 3419 1450 3516; baseline 0.002 -24"><span class='ocrx_word' id='word_1_149' title='bbox 292 3421 391 3493; x_wconf 89' lang='lat' dir='ltr'><em>vires</em></span> <span class='ocrx_word' id='word_1_150' title='bbox 410 3421 623 3516; x_wconf 83' lang='lat' dir='ltr'><em>centripetae</em></span> <span class='ocrx_word' id='word_1_151' title='bbox 646 3421 685 3508; x_wconf 65' lang='lat' dir='ltr'><em>in¹</em></span> <span class='ocrx_word' id='word_1_152' title='bbox 708 3421 751 3492; x_wconf 88' lang='lat' dir='ltr'><em>D</em></span> <span class='ocrx_word' id='word_1_153' title='bbox 777 3420 813 3494; x_wconf 88' lang='lat'>&amp;</span> <span class='ocrx_word' id='word_1_154' title='bbox 839 3422 869 3493; x_wconf 98' lang='lat' dir='ltr'><em>I</em></span> <span class='ocrx_word' id='word_1_155' title='bbox 890 3419 1062 3516; x_wconf 74' lang='lat' dir='ltr'><em>aequales,</em></span> <span class='ocrx_word' id='word_1_156' title='bbox 1119 3421 1367 3516; x_wconf 87' lang='lat' dir='ltr'><em>Exponantur</em></span> <span class='ocrx_word' id='word_1_157' title='bbox 1392 3420 1450 3494; x_wconf 84' lang='lat' dir='ltr'><em>hae</em></span> 
     </span>
     <span class='ocr_line' id='line_1_20' title="bbox 292 3535 1451 3635; baseline -0.002 -25"><span class='ocrx_word' id='word_1_158' title='bbox 292 3537 392 3610; x_wconf 91' lang='lat' dir='ltr'><em>vires</em></span> <span class='ocrx_word' id='word_1_159' title='bbox 419 3563 485 3633; x_wconf 91' lang='lat' dir='ltr'><em>per</em></span> <span class='ocrx_word' id='word_1_160' title='bbox 510 3538 672 3635; x_wconf 83' lang='lat' dir='ltr'><em>aequales</em></span> <span class='ocrx_word' id='word_1_161' title='bbox 700 3535 854 3611; x_wconf 90' lang='lat' dir='ltr'><em>lineolas</em></span> <span class='ocrx_word' id='word_1_162' title='bbox 881 3539 989 3628; x_wconf 85' lang='lat' dir='ltr'><em>DE,</em></span> <span class='ocrx_word' id='word_1_163' title='bbox 1016 3540 1046 3611; x_wconf 91' lang='lat' dir='ltr'><em>I</em></span> <span class='ocrx_word' id='word_1_164' title='bbox 1055 3538 1105 3609; x_wconf 99' lang='lat' dir='ltr'><em>N</em></span> <span class='ocrx_word' id='word_1_165' title='bbox 1111 3570 1125 3623; x_wconf 85' lang='lat'><em>,·</em></span> <span class='ocrx_word' id='word_1_166' title='bbox 1165 3537 1257 3610; x_wconf 82' lang='lat' dir='ltr'><em>&amp;si</em></span> <span class='ocrx_word' id='word_1_167' title='bbox 1285 3538 1342 3609; x_wconf 93' lang='lat' dir='ltr'><em>vis</em></span> <span class='ocrx_word' id='word_1_168' title='bbox 1377 3562 1451 3609; x_wconf 88' lang='lat' dir='ltr'><em>una</em></span> 
     </span>
     <span class='ocr_line' id='line_1_21' title="bbox 291 3653 1612 3753; baseline -0.002 -25"><span class='ocrx_word' id='word_1_169' title='bbox 291 3656 382 3728; x_wconf 89' lang='lat' dir='ltr'><em>IN</em></span> <span class='ocrx_word' id='word_1_170' title='bbox 411 3654 492 3752; x_wconf 83' lang='lat' dir='ltr'><em>(per</em></span> <span class='ocrx_word' id='word_1_171' title='bbox 517 3655 642 3753; x_wconf 87' lang='lat' dir='ltr'><em>legum</em></span> <span class='ocrx_word' id='word_1_172' title='bbox 669 3653 776 3729; x_wconf 90' lang='lat' dir='ltr'><em>corol.</em></span> <span class='ocrx_word' id='word_1_173' title='bbox 801 3656 836 3753; x_wconf 83' lang='lat'><em>2)</em></span> <span class='ocrx_word' id='word_1_174' title='bbox 866 3655 1072 3728; x_wconf 89' lang='lat' dir='ltr'><em>resolvatur</em></span> <span class='ocrx_word' id='word_1_175' title='bbox 1098 3655 1134 3726; x_wconf 94' lang='lat' dir='ltr'><em>in</em></span> <span class='ocrx_word' id='word_1_176' title='bbox 1162 3655 1254 3727; x_wconf 90' lang='lat' dir='ltr'><em>duas</em></span> <span class='ocrx_word' id='word_1_177' title='bbox 1281 3655 1331 3726; x_wconf 99' lang='lat' dir='ltr'><em>N</em></span> <span class='ocrx_word' id='word_1_178' title='bbox 1348 3654 1386 3725; x_wconf 88' lang='lat' dir='ltr'><em>T</em></span> <span class='ocrx_word' id='word_1_179' title='bbox 1415 3653 1451 3726; x_wconf 67' lang='lat'><em>81</em></span> <span class='ocrx_word' id='word_1_180' title='bbox 1501 3665 1532 3715; x_wconf 68' lang='lat' dir='ltr'><em>K·</em></span> <span class='ocrx_word' id='word_1_181' title='bbox 1610 3686 1612 3689; x_wconf 94' lang='lat'>·</span> 
     </span>
    </p>

    <p class='ocr_par' dir='ltr' id='par_1_8' title="bbox 205 3769 1752 4920">
     <span class='ocr_line' id='line_1_22' title="bbox 291 3769 1450 3870; baseline -0.002 -27"><span class='ocrx_word' id='word_1_182' title='bbox 291 3773 321 3844; x_wconf 99' lang='lat' dir='ltr'><em>I</em></span> <span class='ocrx_word' id='word_1_183' title='bbox 336 3772 376 3857; x_wconf 86' lang='grc' dir='ltr'><em>Τ,</em></span> <span class='ocrx_word' id='word_1_184' title='bbox 396 3772 453 3843; x_wconf 90' lang='lat' dir='ltr'><em>vis</em></span> <span class='ocrx_word' id='word_1_185' title='bbox 471 3773 521 3844; x_wconf 99' lang='lat' dir='ltr'><em>N</em></span> <span class='ocrx_word' id='word_1_186' title='bbox 538 3772 578 3857; x_wconf 81' lang='lat' dir='ltr'><em>T,</em></span> <span class='ocrx_word' id='word_1_187' title='bbox 597 3772 744 3870; x_wconf 87' lang='lat' dir='ltr'><em>agendo</em></span> <span class='ocrx_word' id='word_1_188' title='bbox 771 3771 974 3844; x_wconf 91' lang='lat' dir='ltr'><em>secundum</em></span> <span class='ocrx_word' id='word_1_189' title='bbox 1001 3769 1135 3843; x_wconf 90' lang='lat' dir='ltr'><em>lineam</em></span> <span class='ocrx_word' id='word_1_190' title='bbox 1162 3771 1213 3842; x_wconf 94' lang='lat' dir='ltr'><em>N</em></span> <span class='ocrx_word' id='word_1_191' title='bbox 1230 3771 1268 3843; x_wconf 88' lang='grc' dir='ltr'><em>Τ</em></span> <span class='ocrx_word' id='word_1_192' title='bbox 1288 3771 1450 3865; x_wconf 89' lang='lat' dir='ltr'><em>corporis</em></span> 
     </span>
     <span class='ocr_line' id='line_1_23' title="bbox 290 3886 1450 3985; baseline -0.002 -25"><span class='ocrx_word' id='word_1_193' title='bbox 290 3888 413 3961; x_wconf 90' lang='lat' dir='ltr'><em>cursui</em></span> <span class='ocrx_word' id='word_1_194' title='bbox 431 3891 459 3961; x_wconf 92' lang='lat' dir='ltr'><em>I</em></span> <span class='ocrx_word' id='word_1_195' title='bbox 474 3889 510 3961; x_wconf 86' lang='lat' dir='ltr'><em>T</em></span> <span class='ocrx_word' id='word_1_196' title='bbox 514 3890 562 3962; x_wconf 93' lang='lat' dir='ltr'><em>K</em></span> <span class='ocrx_word' id='word_1_197' title='bbox 579 3887 930 3985; x_wconf 89' lang='lat' dir='ltr'><em>perpendicularem,</em></span> <span class='ocrx_word' id='word_1_198' title='bbox 951 3886 1000 3959; x_wconf 94' lang='lat' dir='ltr'><em>nil</em></span> <span class='ocrx_word' id='word_1_199' title='bbox 1034 3887 1191 3960; x_wconf 90' lang='lat' dir='ltr'><em>mutabit</em></span> <span class='ocrx_word' id='word_1_200' title='bbox 1216 3886 1450 3960; x_wconf 90' lang='lat' dir='ltr'><em>velocitatem</em></span> 
     </span>
     <span class='ocr_line' id='line_1_24' title="bbox 205 4003 1449 4100; baseline 0.002 -27"><span class='ocrx_word' id='word_1_201' title='bbox 205 4068 208 4073; x_wconf 84' lang='lat'>.</span> <span class='ocrx_word' id='word_1_202' title='bbox 291 4005 456 4100; x_wconf 90' lang='lat' dir='ltr'><em>corporis</em></span> <span class='ocrx_word' id='word_1_203' title='bbox 491 4006 527 4077; x_wconf 94' lang='lat' dir='ltr'><em>in</em></span> <span class='ocrx_word' id='word_1_204' title='bbox 563 4032 669 4078; x_wconf 90' lang='lat' dir='ltr'><em>cursu</em></span> <span class='ocrx_word' id='word_1_205' title='bbox 708 4005 778 4090; x_wconf 81' lang='lat' dir='ltr'><em>illo,</em></span> <span class='ocrx_word' id='word_1_206' title='bbox 811 4005 877 4078; x_wconf 93' lang='lat' dir='ltr'><em>sed</em></span> <span class='ocrx_word' id='word_1_207' title='bbox 914 4005 1076 4078; x_wconf 87' lang='lat' dir='ltr'><em>retrahet</em></span> <span class='ocrx_word' id='word_1_208' title='bbox 1110 4003 1344 4077; x_wconf 92' lang='lat' dir='ltr'><em>solummodo</em></span> <span class='ocrx_word' id='word_1_209' title='bbox 1373 4029 1449 4075; x_wconf 92' lang='lat' dir='ltr'><em>cor-</em></span> 
     </span>
     <span class='ocr_line' id='line_1_25' title="bbox 291 4121 1506 4224; baseline -0.002 -30"><span class='ocrx_word' id='word_1_210' title='bbox 291 4148 362 4218; x_wconf 92' lang='lat' dir='ltr'><em>pus</em></span> <span class='ocrx_word' id='word_1_211' title='bbox 388 4148 411 4194; x_wconf 91' lang='lat' dir='ltr'><em>a</em></span> <span class='ocrx_word' id='word_1_212' title='bbox 441 4148 548 4195; x_wconf 92' lang='lat' dir='ltr'><em>cursu</em></span> <span class='ocrx_word' id='word_1_213' title='bbox 580 4122 777 4209; x_wconf 89' lang='lat' dir='ltr'><em>rectilineo,</em></span> <span class='ocrx_word' id='word_1_214' title='bbox 810 4124 992 4220; x_wconf 82' lang='lat' dir='ltr'><em>facietque</em></span> <span class='ocrx_word' id='word_1_215' title='bbox 1023 4125 1143 4219; x_wconf 90' lang='lat' dir='ltr'><em>ipsum</em></span> <span class='ocrx_word' id='word_1_216' title='bbox 1170 4121 1217 4194; x_wconf 95' lang='lat' dir='ltr'><em>de</em></span> <span class='ocrx_word' id='word_1_217' title='bbox 1246 4121 1345 4194; x_wconf 88' lang='lat' dir='ltr'><em>orbis</em></span> <span class='ocrx_word' id='word_1_218' title='bbox 1372 4137 1450 4192; x_wconf 89' lang='lat' dir='ltr'><em>tan·</em></span> <span class='ocrx_word' id='word_1_219' title='bbox 1477 4155 1506 4224; x_wconf 65' lang='lat' dir='ltr'><em>k</em></span> 
     </span>
     <span class='ocr_line' id='line_1_26' title="bbox 289 4230 1452 4338; baseline -0.003 -25"><span class='ocrx_word' id='word_1_220' title='bbox 289 4257 404 4338; x_wconf 87' lang='lat' dir='ltr'><em>gente</em></span> <span class='ocrx_word' id='word_1_221' title='bbox 423 4259 602 4336; x_wconf 85' lang='lat' dir='ltr'><em>perpetuo</em></span> <span class='ocrx_word' id='word_1_222' title='bbox 620 4241 826 4327; x_wconf 89' lang='lat' dir='ltr'><em>deflectere,</em></span> <span class='ocrx_word' id='word_1_223' title='bbox 847 4242 958 4338; x_wconf 89' lang='lat' dir='ltr'><em>inque</em></span> <span class='ocrx_word' id='word_1_224' title='bbox 976 4243 1036 4313; x_wconf 90' lang='lat' dir='ltr'><em>via</em></span> <span class='ocrx_word' id='word_1_225' title='bbox 1063 4230 1263 4312; x_wconf 86' lang='lat' dir='ltr'><em>curvilinea</em></span> <span class='ocrx_word' id='word_1_226' title='bbox 1288 4241 1318 4312; x_wconf 91' lang='lat' dir='ltr'><em>I</em></span> <span class='ocrx_word' id='word_1_227' title='bbox 1332 4238 1370 4309; x_wconf 88' lang='lat' dir='ltr'><em>T</em></span> <span class='ocrx_word' id='word_1_228' title='bbox 1373 4239 1421 4311; x_wconf 94' lang='lat' dir='ltr'><em>K</em></span> <span class='ocrx_word' id='word_1_229' title='bbox 1426 4239 1452 4310; x_wconf 78' lang='lat' dir='ltr'><em>k</em></span> 
     </span>
     <span class='ocr_line' id='line_1_27' title="bbox 289 4353 1451 4453; baseline -0.001 -24"><span class='ocrx_word' id='word_1_230' title='bbox 289 4357 474 4453; x_wconf 88' lang='lat' dir='ltr'><em>progredi.</em></span> <span class='ocrx_word' id='word_1_231' title='bbox 559 4358 601 4428; x_wconf 93' lang='lat' dir='ltr'><em>In</em></span> <span class='ocrx_word' id='word_1_232' title='bbox 638 4357 707 4429; x_wconf 92' lang='lat' dir='ltr'><em>hoc</em></span> <span class='ocrx_word' id='word_1_233' title='bbox 742 4357 875 4430; x_wconf 84' lang='lat' dir='ltr'><em>effectu</em></span> <span class='ocrx_word' id='word_1_234' title='bbox 915 4357 1155 4453; x_wconf 92' lang='lat' dir='ltr'><em>producendo</em></span> <span class='ocrx_word' id='word_1_235' title='bbox 1185 4356 1242 4427; x_wconf 91' lang='lat' dir='ltr'><em>vis</em></span> <span class='ocrx_word' id='word_1_236' title='bbox 1278 4353 1338 4427; x_wconf 90' lang='lat' dir='ltr'><em>illa</em></span> <span class='ocrx_word' id='word_1_237' title='bbox 1372 4370 1451 4428; x_wconf 89' lang='lat' dir='ltr'><em>tota</em></span> 
     </span>
     <span class='ocr_line' id='line_1_28' title="bbox 290 4471 1449 4565; baseline -0.004 -18"><span class='ocrx_word' id='word_1_238' title='bbox 290 4489 552 4547; x_wconf 92' lang='lat' dir='ltr'><em>consumetur:</em></span> <span class='ocrx_word' id='word_1_239' title='bbox 579 4474 636 4545; x_wconf 92' lang='lat' dir='ltr'><em>vis</em></span> <span class='ocrx_word' id='word_1_240' title='bbox 655 4491 778 4546; x_wconf 89' lang='lat' dir='ltr'><em>autem</em></span> <span class='ocrx_word' id='word_1_241' title='bbox 803 4474 917 4547; x_wconf 88' lang='lat' dir='ltr'><em>altera</em></span> <span class='ocrx_word' id='word_1_242' title='bbox 943 4474 1028 4558; x_wconf 87' lang='lat' dir='ltr'><em>IT,</em></span> <span class='ocrx_word' id='word_1_243' title='bbox 1056 4471 1260 4545; x_wconf 89' lang='lat' dir='ltr'><em>secundum</em></span> <span class='ocrx_word' id='word_1_244' title='bbox 1287 4471 1449 4565; x_wconf 88' lang='lat' dir='ltr'><em>corporis</em></span> 
     </span>
     <span class='ocr_line' id='line_1_29' title="bbox 289 4587 1750 4689; baseline -0.003 -26"><span class='ocrx_word' id='word_1_245' title='bbox 289 4616 439 4663; x_wconf 89' lang='lat' dir='ltr'><em>cursum</em></span> <span class='ocrx_word' id='word_1_246' title='bbox 467 4591 625 4689; x_wconf 87' lang='lat' dir='ltr'><em>agendo,</em></span> <span class='ocrx_word' id='word_1_247' title='bbox 646 4606 723 4663; x_wconf 90' lang='lat' dir='ltr'><em>tota</em></span> <span class='ocrx_word' id='word_1_248' title='bbox 751 4589 969 4664; x_wconf 87' lang='lat' dir='ltr'><em>accelerabit</em></span> <span class='ocrx_word' id='word_1_249' title='bbox 999 4587 1097 4674; x_wconf 89' lang='lat' dir='ltr'><em>illud,</em></span> <span class='ocrx_word' id='word_1_250' title='bbox 1117 4615 1160 4662; x_wconf 91' lang='lat' dir='ltr'><em>ac</em></span> <span class='ocrx_word' id='word_1_251' title='bbox 1186 4589 1276 4661; x_wconf 90' lang='lat' dir='ltr'><em>dato</em></span> <span class='ocrx_word' id='word_1_252' title='bbox 1307 4603 1474 4683; x_wconf 90' lang='lat' dir='ltr'><em>tempore</em></span> <span class='ocrx_word' id='word_1_253' title='bbox 1505 4613 1617 4683; x_wconf 88' lang='lat' dir='ltr'><em>quam</em></span> <span class='ocrx_word' id='word_1_254' title='bbox 1645 4588 1750 4661; x_wconf 90' lang='lat' dir='ltr'><em>mini-</em></span> 
     </span>
     <span class='ocr_line' id='line_1_30' title="bbox 291 4703 1752 4807; baseline -0.002 -27"><span class='ocrx_word' id='word_1_255' title='bbox 291 4733 355 4781; x_wconf 94' lang='lat' dir='ltr'><em>mo</em></span> <span class='ocrx_word' id='word_1_256' title='bbox 398 4707 702 4782; x_wconf 89' lang='lat' dir='ltr'><em>accelerationem</em></span> <span class='ocrx_word' id='word_1_257' title='bbox 736 4707 930 4807; x_wconf 87' lang='lat' dir='ltr'><em>generabit</em></span> <span class='ocrx_word' id='word_1_258' title='bbox 972 4707 1041 4779; x_wconf 91' lang='lat' dir='ltr'><em>sibi</em></span> <span class='ocrx_word' id='word_1_259' title='bbox 1077 4707 1146 4802; x_wconf 91' lang='lat' dir='ltr'><em>ipsi</em></span> <span class='ocrx_word' id='word_1_260' title='bbox 1190 4703 1511 4802; x_wconf 89' lang='lat' dir='ltr'><em>proportionalem.</em></span> <span class='ocrx_word' id='word_1_261' title='bbox 1594 4705 1752 4779; x_wconf 89' lang='lat' dir='ltr'><em>Proinde</em></span> 
     </span>
     <span class='ocr_line' id='line_1_31' title="bbox 293 4818 1751 4920; baseline -0.003 -24"><span class='ocrx_word' id='word_1_262' title='bbox 293 4849 491 4920; x_wconf 89' lang='lat' dir='ltr'><em>corporum</em></span> <span class='ocrx_word' id='word_1_263' title='bbox 518 4826 554 4897; x_wconf 93' lang='lat' dir='ltr'><em>in</em></span> <span class='ocrx_word' id='word_1_264' title='bbox 586 4826 629 4897; x_wconf 88' lang='lat' dir='ltr'><em>D</em></span> <span class='ocrx_word' id='word_1_265' title='bbox 659 4824 695 4898; x_wconf 64' lang='lat'><em>82</em></span> <span class='ocrx_word' id='word_1_266' title='bbox 721 4827 750 4897; x_wconf 93' lang='lat' dir='ltr'><em>I</em></span> <span class='ocrx_word' id='word_1_267' title='bbox 774 4822 1059 4899; x_wconf 89' lang='lat' dir='ltr'><em>accelerationes</em></span> <span class='ocrx_word' id='word_1_268' title='bbox 1085 4822 1290 4919; x_wconf 85' lang='lat' dir='ltr'><em>aequalibus</em></span> <span class='ocrx_word' id='word_1_269' title='bbox 1321 4818 1550 4918; x_wconf 77' lang='lat' dir='ltr'><em>&#39;temporibus</em></span> <span class='ocrx_word' id='word_1_270' title='bbox 1580 4821 1686 4895; x_wconf 83' lang='lat' dir='ltr'><em>Iactae</em></span> <span class='ocrx_word' id='word_1_271' title='bbox 1708 4820 1751 4918; x_wconf 88' lang='lat' dir='ltr'><em>(si</em></span> 
     </span>
    </p>
   </div>
   <div class='ocr_carea' id='block_1_8' title="bbox 0 0 2048 5768">
    <p class='ocr_par' dir='ltr' id='par_1_9' title="bbox 0 0 2048 5768">
     <span class='ocr_line' id='line_1_32' title="bbox 0 0 2048 5768; baseline 0 5"><span class='ocrx_word' id='word_1_272' title='bbox 0 0 2048 5768; x_wconf 95' lang='lat' dir='ltr'><em> </em></span> 
     </span>
    </p>
   </div>
  </div>
 </body>
</html>
