4088 5768
853 419 1196 481 DEFINITIONES.
1734 450 1753 521 7

361 619 434 693 111.
466 617 589 692 L'ocus
610 629 770 712 estpars
787 613 895 710 spatii
914 636 1026 711 quam
1044 637 1177 710 corpus
1194 624 1359 712 occupat,
1378 635 1509 718 estque
1527 624 1594 718 pro
1612 626 1755 701 ratione

291 735 400 832 spatii
418 733 477 809 vel
495 732 687 809 absolutus
705 730 764 807 vel
783 729 967 806 relativus.
1025 732 1124 817 Pars,
1144 732 1304 828 inquam,
1323 735 1452 832 spatii;
1473 763 1546 813 non
1564 741 1657 815 situs
1674 769 1752 818 cor-

290 854 400 949 poris,
426 850 487 927 vel
513 850 726 948 superficies
760 849 936 924 ambiens
1007 849 1107 922 Nam
1134 849 1335 924 solidorum
1364 854 1562 951 aequalium
1590 858 1753 955 aequales

290 997 438 1067 semper
454 986 541 1045 sunt
566 968 656 1058 loci;
683 966 907 1063 Superficies
925 982 1049 1041 autem
1073 967 1122 1042 ob
1140 968 1475 1048 dissimilitudinem
1495 974 1693 1073 figurarum
1712 994 1754 1052 ut

290 1088 487 1186 plurimum
514 1085 715 1185 inaequales
740 1100 847 1174 sunt;
874 1085 978 1159 Situs
1003 1110 1094 1159 vero
1119 1087 1268 1182 proprie
1293 1086 1481 1186 loquendo
1507 1097 1752 1191 quantitatem

291 1233 364 1283 non
393 1208 541 1293 habent,
560 1231 682 1302 neque
710 1220 785 1276 tam
813 1218 900 1276 sunt
917 1200 997 1277 loca
1020 1228 1132 1300 quam
1150 1203 1363 1280 affectiones
1381 1205 1553 1285 locorum.
1624 1213 1753 1289 Motus

290 1327 402 1401 totius
420 1326 519 1400 idem
537 1339 595 1399 est
612 1348 695 1397 cum
713 1346 858 1394 summa
877 1337 1042 1394 motuum
1060 1322 1240 1417 partium;
1259 1322 1329 1397 hoc
1347 1341 1412 1412 est,
1432 1328 1622 1404 translatio
1641 1332 1753 1406 totius

290 1445 338 1519 de
364 1470 432 1519 suo
459 1441 541 1518 loco
568 1442 700 1517 eadem
724 1454 781 1514 est
808 1463 892 1510 cum
921 1463 1066 1512 summa
1094 1437 1372 1514 translationum
1401 1446 1559 1539 partium
1588 1447 1636 1521 de
1664 1447 1753 1524 locis

290 1563 387 1650 suis;
416 1561 574 1657 ideoque
600 1558 702 1634 locus
731 1557 844 1631 totius
873 1555 971 1629 idem
994 1573 1051 1630 est
1077 1583 1159 1629 cum
1182 1583 1327 1632 summa
1344 1558 1506 1636 locorum
1525 1566 1694 1660 partium,
1715 1567 1751 1641 81

289 1694 486 1776 propterea
504 1679 668 1751 internus
687 1676 724 1749 81
741 1675 777 1748 in
796 1698 950 1769 corpore
969 1689 1057 1747 toto.

360 1797 427 1871 lV.
459 1795 588 1869 Motus
614 1791 804 1868 absolutus
831 1807 888 1865 est
916 1790 1107 1865 translatio
1135 1794 1298 1888 corporis
1326 1795 1374 1869 de
1402 1794 1483 1872 loco
1511 1798 1682 1875 absoluto
1712 1802 1749 1876 in

289 1912 410 1990 locum
428 1911 647 1998 absolutum,
666 1909 841 1986 relativus
859 1909 907 1982 de
926 1908 1079 1983 relativo
1098 1910 1134 1983 in
1153 1908 1357 1988 relativum.
1412 1915 1475 1989 Sic
1502 1917 1539 1990 in
1561 1920 1647 1992 navi
1666 1945 1750 2017 quae

289 2031 382 2107 velis
400 2032 519 2128 passis
537 2031 659 2116 fertur,
678 2027 853 2104 relativus
871 2027 1033 2123 corporis
1051 2024 1152 2101 locus
1179 2045 1237 2102 est
1263 2031 1400 2130 navigii
1423 2035 1525 2133 regio
1544 2035 1604 2111 illa
1621 2038 1658 2111 in
1678 2065 1752 2135 qua

290 2175 423 2246 corpus
450 2164 628 2234 versatur,
656 2173 721 2221 seu
750 2145 919 2220 cavitatis
954 2145 1066 2219 totius
1100 2171 1187 2241 pars
1218 2145 1278 2220 illa
1304 2173 1416 2245 quam
1444 2177 1577 2249 corpus
1612 2154 1750 2252 implet

290 2292 449 2364 quaeque
466 2267 561 2341 adeo
579 2280 750 2340 movetur
767 2288 840 2336 una
857 2288 941 2336 cum
960 2263 1045 2335 navi
1063 2289 1070 2336 :
1098 2262 1134 2336 u
1160 2265 1265 2359 quies
1292 2265 1445 2340 relativa
1466 2285 1523 2343 est
1540 2275 1752 2366 permansio

290 2386 452 2482 corporis
479 2386 515 2458 in
542 2384 674 2459 eadem
702 2380 762 2456 illa
788 2381 895 2454 navis
920 2380 1072 2478 regione
1098 2378 1158 2454 vel
1184 2398 1289 2477 parte
1314 2384 1492 2459 cavitatis.
1565 2387 1621 2461 At
1645 2391 1753 2486 quies

290 2529 380 2577 vera
407 2519 464 2576 est
492 2501 703 2598 permansio
730 2501 893 2596 corporis
922 2500 958 2572 in
987 2498 1120 2573 eadem
1147 2516 1252 2595 parte
1279 2503 1387 2596 spatii
1416 2502 1510 2577 illius
1537 2507 1688 2594 immoti,
1713 2511 1749 2583 in

290 2645 364 2717 qua
390 2621 495 2693 navis
521 2620 602 2715 ipsa
628 2638 702 2692 una
727 2644 810 2691 cum
834 2618 993 2690 cavitate
1019 2641 1086 2688 sua
1113 2615 1348 2692 &contentis
1369 2622 1551 2697 universis
1569 2643 1748 2701 movetur.

294 2739 408 2813 Unde
436 2739 466 2811 si
496 2753 593 2812 terra
610 2762 708 2830 wvere
736 2735 910 2832 quiescat,
933 2759 1075 2829 corpus,
1099 2734 1199 2829 quod
1228 2733 1381 2811 relative
1407 2741 1563 2836 quiescit
1589 2744 1625 2816 in
1653 2747 1750 2832 navi,

291 2856 501 2930 movebitur
527 2880 615 2929 vere
642 2854 678 2928 &
704 2851 873 2927 absolute
899 2878 944 2927 ea
970 2878 1053 2925 cum
1081 2851 1285 2940 velocitate,
1305 2881 1379 2953 qua
1400 2860 1506 2932 navis
1525 2879 1696 2937 movetur
1713 2865 1749 2937 in

291 2989 397 3048 terra
469 2973 536 3046 Sin
556 2988 653 3045 terra
670 2971 781 3044 etiam
801 2985 1014 3058 moveatur;
1041 2971 1179 3044 orietur
1195 2997 1306 3045 verus
1325 2973 1568 3051 &absolutus
1587 2980 1750 3076 corporis

291 3108 422 3178 motus,
442 3092 575 3188 partim
594 3117 641 3165 ex
659 3104 766 3162 terrae
793 3106 895 3163 motu
922 3115 1013 3162 vero
1039 3089 1075 3160 in
1097 3088 1219 3183 spatio
1236 3089 1399 3178 immot0,
1418 3095 1551 3188 partim
1570 3122 1617 3170 ex
1645 3099 1751 3172 navis

290 3226 393 3284 motu
421 3209 576 3284 relativo
610 3209 647 3282 in
683 3223 788 3281 terra.
862 3206 914 3279 Et
940 3207 970 3278 si
999 3230 1132 3301 corpus
1159 3207 1270 3279 etiam
1298 3227 1492 3284 moveatur
1525 3211 1678 3289 relative
1713 3217 1750 3289 in

291 3329 376 3400 navi
390 3355 398 3415 ;
437 3327 577 3402 orietur
614 3351 724 3398 verus
763 3324 843 3422 ejus
882 3338 1013 3408 motus,
1049 3323 1184 3418 partim
1223 3350 1270 3397 ex
1304 3351 1395 3401 vero
1430 3344 1532 3403 motu
1569 3346 1676 3406 terrae
1714 3334 1750 3406 in

290 3445 412 3540 spatio
447 3445 610 3530 immoto,
635 3443 768 3539 partim
799 3468 847 3516 ex
873 3438 1035 3514 relativis
1063 3441 1223 3514 motibus
1250 3457 1328 3515 tum
1356 3447 1461 3519 navis
1488 3448 1524 3520 in
1552 3464 1648 3523 terra
1672 3467 1751 3524 tum

291 3561 454 3658 corporis
495 3562 532 3634 in
574 3561 691 3634 navi:
742 3559 778 3633 8t
825 3585 874 3634 ex
912 3559 969 3631 his
1011 3559 1172 3632 motibus
1211 3557 1373 3633 relativis
1411 3565 1549 3638 orietur
1588 3569 1752 3663 corporis

291 3695 412 3752 motus
434 3676 608 3752 relativus
635 3678 671 3750 in
699 3692 804 3750 terra.
879 3676 936 3748 Ut
961 3676 991 3748 si
1019 3690 1126 3749 terrae
1152 3701 1237 3770 pars
1264 3675 1333 3763 illa,
1352 3679 1414 3752 ubi
1442 3682 1547 3753 navis
1573 3699 1750 3771 versatur,

291 3811 485 3871 moveatur
511 3800 600 3870 vere
628 3796 664 3868 in
691 3796 871 3869 orientem
898 3819 980 3865 cum
1007 3790 1204 3884 velocitate
1230 3795 1389 3889 partium
1422 3783 1561 3888 1oo10;
1593 3799 1629 3872 8r
1657 3799 1750 3873 velis

289 3929 477 4010 ventoque
494 3913 632 3986 feratur
657 3913 763 3986 navis
790 3913 826 3985 in
853 3911 1081 3985 occidentem
1108 3938 1192 3985 cum
1210 3911 1405 3987 velocitate
1423 3916 1581 4010 partium
1600 3916 1751 4006 dccem;

290 4048 401 4104 nauta
426 4047 550 4105 autem
577 4028 741 4103 ambulet
767 4030 804 4103 in
831 4030 916 4102 navi
943 4030 1123 4135 orientem
1149 4055 1279 4103 versus
1310 4057 1393 4103 cum
1414 4031 1619 4105 velocitatis
1646 4051 1751 4129 parte

289 4173 387 4223 una:
414 4148 623 4222 movebitur
648 4165 761 4222 nauta
780 4175 869 4222 vere
896 4147 1125 4222 &absolute
1152 4149 1189 4221 in
1216 4149 1336 4244 spatio
1363 4150 1516 4224 immoto
1539 4177 1623 4225 cum
1649 4152 1750 4228 velo·
1832 4207 1833 4210 ,

290 4266 409 4339 citatis
436 4265 601 4361 partibus
629 4290 742 4339 10001
777 4266 813 4338 in
847 4265 1037 4351 orientem,
1074 4262 1290 4339 &relative
1317 4266 1353 4337 in
1389 4281 1486 4340 terra
1519 4269 1749 4345 occidentem

290 4409 420 4457 versus
438 4408 521 4455 cum
540 4380 745 4456 velocitatis
763 4382 928 4478 partibus
948 4407 1093 4455 novem.

268 4492 272 4501 ’
359 4499 528 4594 Tempus
562 4497 770 4573 absolutum
806 4525 829 4572 a
863 4497 1017 4573 relativo
1055 4497 1294 4595 distinguitur
1331 4500 1366 4572 in
1405 4500 1647 4579 Astronomia
1685 4533 1752 4603 per

292 4617 539 4713 aequationem
575 4617 752 4712 temporis
778 4615 890 4716 vulgi.
948 4613 1156 4712 Inaequales
1190 4616 1289 4689 enim
1320 4636 1406 4693 sunt
1440 4620 1520 4696 dies
1556 4624 1749 4727 naturales,

292 4736 355 4832 qui
374 4734 487 4833 vulgo
506 4750 682 4831 tanquam
701 4734 862 4832 aequales
881 4761 949 4831 pro
975 4759 1152 4818 mensura¹
1174 4735 1350 4830 temporis
1374 4736 1564 4814 habentur.
1640 4742 1751 4816 Hanc

292 4852 583 4949 inaequalitatem
600 4853 786 4951 corrigunt
804 4852 1033 4938 Astronomi,
1052 4869 1093 4926 ut
1119 4880 1165 4926 ex
1192 4853 1335 4929 veriore
1354 4870 1520 4952 tempore
1539 4879 1752 4936 mensurent
