4088 5768
845 427 1193 488 ‚aaarnrrlouas
1712 456 1750 505 11

286 623 358 721 :qui
393 621 508 697 coelos
542 639 688 698 nostros
723 623 818 698 infra
851 622 966 699 coelos
1000 624 1156 697 fixarum
1192 625 1229 697 in
1268 625 1397 699 orbem
1437 625 1578 701 revolvi
1616 621 1756 717 volunt,

297 741 333 815 8c
369 739 538 838 planetas
576 768 702 816 secum
736 742 900 832 deferre,
941 741 1097 841 singulae
1135 740 1312 817 coelorum
1351 760 1485 840 partes,
1526 744 1562 818 81
1599 744 1759 842 planetae

296 860 358 956 qui
398 857 550 934 relative
589 859 738 956 quidem
778 860 815 932 in
854 857 957 933 coelis
996 861 1072 933 suis
1103 860 1281 956 proximis
1319 864 1522 959 quiescunt,
1562 881 1761 938 moventur

201 1024 206 1032 ·
295 1004 393 1052 vere.
451 978 602 1051 Mutant
631 978 730 1051 enim
760 978 963 1073 positiones
994 1004 1080 1051 suas
1105 978 1153 1051 ad
1180 979 1338 1053 invicem
1368 979 1488 1079 (secus
1515 1007 1627 1079 quam
1654 982 1696 1056 fit
1721 984 1758 1056 in

294 1121 383 1170 vere
421 1093 709 1194 quiescentibus)
750 1121 898 1193 unaque
940 1122 1023 1170 cum
1067 1095 1170 1170 coelis
1213 1094 1325 1170 delati
1368 1099 1589 1194 participant
1631 1125 1759 1173 eorum

297 1228 428 1299 motus,
448 1212 485 1286 u
502 1228 544 1286 ut
563 1228 688 1308 partes
714 1211 984 1288 revolventium
1011 1230 1181 1302 totorum,
1200 1215 1248 1289 ab
1274 1240 1402 1289 eorum
1429 1217 1561 1289 axibus
1587 1218 1762 1292 recedere

297 1346 484 1404 conantur.
1452 1340 1454 1342 ’

365 1448 603 1541 Quantitates
621 1446 786 1523 relativae
805 1473 879 1523 non
898 1465 984 1523 sunt
1010 1451 1122 1549 igitur
1147 1476 1202 1525 eae
1230 1451 1321 1547 ipsae
1347 1452 1583 1548 quantitates,
1603 1477 1761 1549 quarum

300 1567 542 1662 nominaprae
560 1566 750 1653 scierunt,
769 1567 836 1641 sed
862 1583 950 1641 sunt
974 1593 1101 1642 earum
1128 1594 1312 1642 mensurae
1340 1567 1411 1642 illae
1429 1570 1624 1645 sensibiles
1645 1569 1762 1669 (verae

298 1709 345 1758 an
381 1683 559 1784 errantes)
588 1685 723 1780 quibus
751 1682 885 1782 vulgus
916 1683 997 1760 loco
1028 1687 1276 1782 quantitatum
1307 1702 1614 1772 mensuratamm,
1636 1689 1759 1762 utitur.

300 1802 355 1876 At
371 1804 401 1876 si
429 1829 477 1877 ex
502 1828 571 1875 usu
597 1802 820 1877 definiendae
846 1819 933 1874 sunt
958 1803 1155 1877 verborum
1182 1803 1490 1902 significationes;
1517 1830 1585 1901 per
1611 1806 1763 1879 nomina

294 1918 360 1995 illa
389 1921 576 2016 temporis,
607 1921 726 2016 spatii,
758 1918 827 1994 loci
864 1920 901 1993 81
934 1936 1057 1994 motus
1092 1923 1239 2018 proprie
1275 1919 1525 2019 intelligendae
1560 1938 1668 1997 erunt
1703 1923 1762 1997 hae

299 2063 481 2112 mensurae
505 2035 718 2126 sensibiles;
746 2037 928 2113 &sermo
955 2041 1023 2113 erit
1050 2038 1212 2114 insolens
1238 2039 1388 2135 &pure
1415 2040 1705 2126 mathematicus,
1731 2041 1762 2112 si

299 2157 523 2253 quantitates
542 2171 763 2229 mensuratae
785 2156 844 2230 hic
866 2155 1124 2255 intelligantur.
1193 2158 1352 2231 Proinde
1370 2159 1446 2231 vim
1469 2158 1629 2231 inserunt
1650 2159 1762 2231 sacris

299 2272 421 2361 literis,
453 2275 516 2372 qui
550 2300 662 2349 voces
697 2274 807 2347 hasce
845 2275 893 2348 de
931 2275 1198 2371 quantitatibus
1235 2276 1457 2348 mensuratis
1496 2274 1544 2348 ibi
1584 2276 1761 2372 interpre-

300 2409 432 2468 tantur.
501 2393 638 2489 Neque
669 2394 790 2465 minus
820 2394 1073 2467 contaminant
1103 2393 1285 2466 mathesin
1317 2393 1353 2466 8z
1384 2390 1666 2489 philosophiam,
1699 2394 1761 2489 qui

300 2512 524 2607 quantitates
554 2536 662 2583 veras
693 2536 777 2582 cum
808 2511 969 2606 ipsarum
1001 2509 1239 2584 relationibus
1271 2510 1308 2583 81
1334 2509 1549 2608 vulgaribus
1580 2511 1762 2584 mensuris

300 2626 538 2701 confundunt.

353 2745 482 2819 Motus
525 2744 675 2842 quidem
714 2769 823 2818 veros
861 2768 1055 2838 corporum
1094 2741 1322 2841 singulorum
1361 2768 1594 2843 cognoscere,
1635 2744 1671 2818 82
1711 2745 1759 2818 ab

299 2863 562 2959 apparentibus
597 2879 680 2936 actu
715 2862 975 2949 discriminare,
1012 2862 1266 2936 difficillimum
1305 2877 1381 2949 est;
1420 2878 1618 2958 propterea
1657 2863 1759 2960 quod

299 2998 423 3078 partes
458 2982 565 3077 spatii
602 2978 696 3053 illius
732 2979 938 3068 immobilis,
971 2982 1007 3054 in
1039 3007 1114 3079 quo
1144 3007 1298 3078 corpora
1327 3006 1416 3054 vere
1446 2997 1652 3071 moventur,
1685 3007 1759 3056 non

301 3100 488 3172 incurrunt
514 3099 551 3171 in
578 3123 718 3171 sensus.
774 3099 896 3172 Causa
918 3116 1041 3173 tamen
1061 3125 1134 3173 non
1153 3114 1210 3172 est
1227 3124 1377 3195 prorsus
1395 3098 1600 3194 desperata.
1658 3099 1758 3172 Nam

298 3232 516 3315 argumenta
533 3216 677 3289 desumi
704 3233 869 3311 possunt,
888 3218 1022 3313 partim
1049 3243 1097 3291 ex
1123 3217 1283 3290 motibus
1310 3216 1574 3312 apparentibus
1592 3216 1655 3312 qui
1674 3231 1761 3289 sunt

299 3350 466 3408 motuum
496 3359 668 3407 verorum
699 3333 925 3420 differentia,
957 3335 1090 3431 partim
1122 3360 1168 3407 ex
1199 3334 1338 3406 viribus
1369 3359 1453 3430 quae
1480 3349 1566 3406 sunt
1592 3350 1759 3408 motuum

298 3480 470 3528 verorum
497 3480 618 3528 causae
645 3454 681 3527 81
707 3455 869 3527 effectus.
927 3448 984 3524 Ut
1009 3451 1039 3523 si
1065 3448 1166 3549 globi
1193 3450 1277 3536 du0,
1300 3449 1347 3522 ad
1375 3449 1499 3523 datam
1526 3450 1574 3523 ab
1601 3451 1759 3524 invicem

298 3573 512 3647 distantiam
543 3573 604 3647 filo
635 3571 885 3647 intercedente
920 3569 1086 3654 connexi,
1124 3566 1402 3642 revolverentur
1435 3568 1530 3640 circa
1565 3593 1761 3641 commune

298 3692 490 3789 gravitatis
521 3708 708 3778 centrum3
740 3689 986 3762 innotesceret
1016 3713 1062 3761 ex
1095 3687 1262 3759 tensione
1293 3684 1342 3757 fili
1377 3703 1531 3758 conatus
1565 3683 1760 3782 globorum

300 3808 495 3883 recedendi
514 3809 561 3881 ab
579 3834 648 3881 axe
667 3821 798 3891 motus,
818 3803 959 3877 &inde
986 3803 1171 3900 quantitas
1198 3818 1320 3876 motus
1347 3801 1530 3875 circularis
1557 3802 1761 3897 computari

299 3942 434 4022 posset.
510 3927 657 4001 Deinde
692 3926 722 3998 si
758 3924 856 3997 vires
891 3920 1066 4018 quaelibet
1101 3917 1262 4016 aequales
1298 3920 1334 3992 in
1373 3917 1533 3992 alternas
1566 3917 1761 4016 globorum

299 4045 410 4118 facies
436 4044 488 4118 'ad
525 4063 666 4119 motum
700 4040 912 4116 circularem
947 4039 1159 4137 augendum
1191 4035 1251 4110 vel
1283 4036 1524 4109 minuendum
1555 4034 1663 4108 simul
1695 4037 1761 4109 im-

300 4144 553 4260 primerentur,
602 4163 848 4235 innotesceret
899 4183 946 4231 ex
998 4172 1106 4229 aucta
1156 4153 1216 4228 vel
1263 4152 1445 4227 diminuta
1493 4151 1542 4226 fili
1595 4154 1763 4228 tensione
1824 4243 1825 4246 Ἴ

300 4298 541 4381 augmentum
584 4278 644 4354 vel
689 4280 965 4353 decrementum
1010 4290 1153 4361 motus;
1202 4272 1238 4345 81
1282 4272 1368 4344 inde
1411 4271 1562 4344 tandem
1607 4272 1763 4345 inveniri

300 4415 453 4497 possent
483 4399 594 4472 facies
624 4395 818 4494 globorum
850 4394 886 4466 in
918 4417 1011 4488 quas
1041 4391 1139 4463 vires
1170 4389 1328 4484 imprimi
1355 4388 1542 4474 deberent,
1571 4404 1611 4461 ut
1642 4404 1764 4462 motus

301 4518 461 4591 maxime
478 4529 694 4614 augeretur;
722 4512 759 4585 id
786 4526 852 4598 est,
872 4511 983 4583 sacies
1009 4508 1171 4604 posticae,
1191 4507 1270 4580 sive
1297 4531 1381 4601 quae
1408 4506 1444 4578 in
1472 4522 1574 4579 motu
1601 4505 1764 4579 circulari

300 4649 514 4731 sequuntur.
589 4631 759 4730 Cognitis
797 4645 921 4703 autem
960 4625 1122 4699 faciebus
1160 4649 1245 4720 quae
1283 4639 1496 4719 sequuntur,
1532 4624 1569 4697 &
1602 4624 1766 4698 faciebus

300 4752 480 4848 oppositis
515 4775 599 4847 quae
634 4748 867 4846 praecedunt,
894 4757 1179 4842 cognosceretur
1214 4740 1474 4814 determinatio
1512 4757 1643 4816 motus.
1721 4743 1765 4815 ln

302 4869 398 4942 hunc
433 4867 586 4954 modum
621 4866 775 4939 inveniri
814 4880 941 4960 posset
980 4861 1015 4934 u
1054 4859 1239 4957 quantitas
1279 4858 1316 4931 81
1352 4858 1610 4932 determinatio
1645 4873 1767 4931 motus
