4088 5768
995 424 1062 479 DE
1082 422 1247 481 MUNDI
1266 421 1534 480 SYSTEMATE

1079 698 1328 771 LEMMA
1376 698 1464 772 IV.

641 914 803 987 Cametas
819 938 887 986 esse
902 915 995 987 luna
1011 915 1211 1011 superiores
1230 917 1279 993 ὅτ
1296 915 1336 987 in
1355 913 1497 1011 regione
1503 913 1772 1009 planetarum
1791 930 1963 1006 versan'.

617 1148 674 1220 Ut
703 1146 870 1221 desectus
901 1146 1130 1243 parallaxeos
1161 1147 1303 1220 diumae
1332 1144 1463 1219 extulit
1493 1162 1663 1222 cometas
1697 1179 1835 1255 supra
1874 1165 2042 1264 regiones

546 1263 774 1349 sublunares
804 1264 856 1335 sie
884 1290 931 1336 ex
959 1264 1137 1359 parallaxi
1167 1289 1291 1336 annua
1319 1263 1548 1337 convincitur
1577 1291 1720 1343 eorum
1755 1277 1983 1356 descensus
2010 1285 2040 1356 in

545 1384 717 1481 regiones
748 1380 989 1479 planetarum.
1063 1381 1164 1453 Nam
1192 1395 1358 1468 cometae,
1388 1382 1450 1477 qui
1483 1384 1800 1480 progrediuntur
1834 1401 2041 1475 secundum

546 1499 714 1572 ordinem
749 1499 949 1595 signorum,
986 1513 1072 1570 sunt
1106 1522 1235 1570 omnes
1271 1497 1341 1570 sub
1379 1499 1480 1571 exitu
1515 1500 1779 1594 apparitionis
1821 1533 1897 1590 aut
1942 1516 2042 1592 solito

546 1616 726 1687 tardiores
754 1630 819 1687 aut
849 1616 1053 1714 retrogradi
1088 1614 1119 1685 si
1148 1630 1246 1686 terra
1273 1630 1330 1686 est
1356 1615 1452 1687 inter
1480 1616 1579 1711 ipsos
1609 1615 1647 1689 ἃ
1681 1621 1847 1719 solem;
1878 1651 1923 1706 at
1945 1637 2042 1734 justo

546 1728 740 1803 celeriores
768 1731 799 1802 si
826 1745 922 1804 terra
949 1732 1071 1830 vergit
1096 1731 1144 1803 ad
1170 1732 1452 1827 oppositionem.
1509 1733 1561 1805 Et
1588 1751 1739 1826 contra,
1774 1749 1850 1842 qui
1883 1768 2042 1853 pergunt

543 1863 671 1919 contra
696 1847 864 1921 ordinem
891 1849 1081 1946 signorum
1109 1863 1195 1921 sunt
1216 1849 1318 1945 justo
1345 1848 1537 1924 celeriores
1556 1850 1592 1922 in
1612 1849 1693 1926 fine
1716 1867 1990 1958 apparitionis
2012 1871 2040 1943 si

545 1979 642 2037 terra
668 1983 838 2040 versatur
861 1967 957 2039 inter
975 1965 1129 2062 ipsos&
1147 1963 1284 2051 solem;
1313 1966 1348 2039 &
1374 1967 1476 2063 justo
1504 1967 1690 2043 tardiores
1723 1978 1796 2052 vel
1829 1989 2041 2088 retrogradi

544 2083 575 2154 si
594 2097 691 2156 terra
709 2084 779 2156 sita
797 2098 854 2156 est
870 2085 918 2156 ad
938 2083 1138 2157 contrarias
1156 2098 1290 2178 partes.
1346 2083 1539 2182 Contingit
1564 2084 1636 2158 hoc
1655 2095 1845 2176 maxime
1865 2129 1920 2179 ex
1941 2125 2040 2181 motu

544 2213 651 2273 terrae
680 2201 716 2273 in
748 2201 852 2272 vario
880 2199 994 2294 ipsius
1023 2201 1104 2285 situ,
1133 2200 1287 2296 perinde
1315 2214 1356 2272 ut
1384 2200 1425 2273 fit
1453 2203 1489 2273 in
1516 2200 1688 2298 planetis,
1721 2215 1796 2307 qui
1832 2246 1911 2315 pro
1940 2242 2040 2299 motu

542 2333 650 2391 terrae
685 2317 745 2391 vel
789 2318 1023 2413 conspirante
1066 2315 1126 2390 vel
1170 2318 1352 2391 contrario
1387 2343 1484 2392 nunc
1528 2326 1744 2418 retrogradi
1795 2355 1907 2428 sunt,
1947 2369 2041 2417 nunc

543 2437 684 2509 tardius
715 2436 888 2534 progredi
921 2435 1103 2520 videntur,
1137 2459 1234 2506 nunc
1264 2461 1354 2508 vero
1385 2434 1547 2509 celerius
1602 2437 1645 2509 Si
1679 2455 1793 2522 terra
1830 2462 1966 2559 pergit
1994 2461 2039 2535 ad

543 2555 702 2626 eandem
737 2569 881 2650 partem
917 2578 1000 2624 eum
1036 2566 1189 2638 cometa,
1220 2551 1256 2624 &
1291 2569 1394 2625 motu
1430 2552 1595 2651 angulari
1627 2556 1734 2634 circa
1767 2569 1903 2649 solem
1936 2595 2039 2652 tanto

543 2668 697 2741 celerius
723 2669 847 2755 fertur,
867 2684 908 2740 ut
934 2683 1034 2740 recta
1052 2693 1119 2763 per
1137 2683 1272 2739 terram
1299 2667 1335 2739 a
1363 2685 1546 2742 cometam
1573 2692 1771 2766 perpetuo
1797 2687 1926 2767 dueta
1955 2721 2037 2770 con-

543 2801 675 2882 vergat
693 2786 740 2857 ad
760 2802 884 2880 partes
910 2783 1006 2857 ultra
1031 2799 1224 2870 cometam,
1244 2801 1390 2864 cometa
1416 2811 1437 2858 e
1464 2802 1561 2860 terra
1586 2808 1794 2884 spectatus
1814 2808 1873 2882 ob
1894 2831 2036 2888 motum

543 2927 651 2973 suum
681 2902 879 2975 tardiorem
910 2917 1066 2997 apparet
1093 2925 1175 2974 esse
1204 2901 1461 2998 retrogradus;
1492 2904 1548 2976 sin
1577 2918 1679 2980 terra
1711 2921 1878 3000 tardius
1911 2929 2035 3015 fertur,

945 3150 972 3200 G
1036 3148 1060 3200 F
1311 3157 1331 3202 G
1463 3153 1491 3202 B
1653 3158 1681 3207 A

1358 4053 1382 4116 Q

539 4272 661 4329 motus
688 4271 843 4329 cometae
864 4256 1046 4354 (detracto
1064 4273 1167 4331 motu
1186 4257 1308 4357 terrae)
1330 4258 1372 4332 fit
1400 4258 1531 4335 saltem
1559 4259 1709 4336 tardior.
1773 4272 1840 4349 At
1870 4284 1904 4356 31
1935 4302 2032 4361 tem

538 4373 660 4471 pergit
695 4374 731 4445 in
767 4375 967 4447 contrarias
1003 4391 1137 4470 partes
1170 4393 1315 4450 cometa
1345 4379 1482 4452 exinde
1512 4377 1676 4452 velocior
1704 4407 1895 4483 apparet.
1971 4406 2031 4478 Ex

537 4489 801 4565 acceleratione
827 4508 951 4564 autem
986 4491 1046 4565 vel
1082 4494 1329 4568 retardatione
1355 4494 1415 4567 vel
1444 4512 1545 4570 motu
1580 4506 1812 4595 retrogrado
1843 4516 2033 4595 distantia

537 4623 692 4680 cometae
724 4609 760 4680 in
792 4609 890 4682 hunc
921 4611 1073 4683 modum
1104 4611 1294 4708 colligitur.
1360 4613 1482 4686 Sunto
1516 4612 1659 4702 ΐΓΘΑ,
1698 4622 1854 4715 nQB,
1901 4640 2034 4729 ch

537 4721 746 4798 observatae
773 4741 848 4799 tres
875 4725 1126 4826 longitudines
1154 4744 1310 4803 cometae
1337 4729 1407 4802 sub
1436 4729 1540 4803 initio
1565 4744 1700 4818 motus,
1725 4737 1867 4839 sitque
1896 4775 1926 4829 φ
1944 4758 1982 4846 Q
1994 4757 2036 4829 F
