4110 5782
423 410 494 495 ,3554
904 400 969 457 mi
990 398 1126 458 More·
1142 397 1397 456 CORPORL‘JI

420 606 515 679 inter
541 629 592 677 se,
662 600 885 697 Negligatur
915 598 1026 695 igitur
1053 613 1176 669 motus
1198 593 1456 690 particularum
1486 597 1582 668 inter
1609 623 1660 678 se,
1689 616 1870 695 tanquam

418 723 466 797 ad
497 721 611 796 totius
642 734 782 792 motum
814 715 1089 812 progressuum
1120 711 1170 784 nil
1200 731 1384 807 spectans,
1411 712 1448 783 81
1478 732 1601 784 motus
1629 715 1743 786 totius
1775 717 1876 789 idem

418 839 489 913 erit
515 863 558 911 ac
586 837 697 933 prius.
767 832 896 905 Motus
924 848 1046 902 autern
1078 829 1176 902 idem
1203 830 1275 901 erit
1297 855 1381 900 cum
1410 848 1512 901 motu
1541 828 1695 901 aliarum
1724 834 1878 905 vorticis

419 956 578 1054 [mnium
606 978 629 1025 a
658 967 785 1025 centro
815 946 1007 1043 aequaliter
1033 946 1259 1026 distantium,
1287 963 1483 1040 propterea
1512 948 1614 1040 quod
1645 945 1805 1020 solidum
1838 951 1875 1022 in

419 1072 572 1146 liuidum
596 1068 797 1143 risolutum
816 1065 857 1137 ht
880 1088 965 1159 pars
983 1063 1132 1135 vorticis
1149 1062 1292 1134 caeteris
1319 1062 1485 1156 partibus
1502 1063 1712 1136 consimilis.
1770 1066 1877 1163 Ergo

418 1187 587 1271 solidum,
606 1187 636 1259 si
663 1184 712 1257 sit
728 1182 895 1281 ejusdem
922 1178 1116 1251 densitatis
1142 1204 1225 1250 cum
1251 1181 1405 1250 materia
1432 1182 1589 1264 vorticis,
1609 1184 1743 1255 eodem
1770 1203 1874 1257 motu

350 1389 354 1396 ¹
418 1330 502 1381 cum
521 1305 635 1402 ipsius
661 1300 826 1397 partibus
850 1295 1067 1378 movebitur,
1088 1295 1123 1365 in
1151 1295 1304 1367 materia
1330 1296 1497 1389 proxime
1515 1299 1702 1371 ambiente
1721 1299 1876 1372 relative

418 1422 621 1520 quiescens,
701 1415 769 1488 Sin
812 1413 963 1486 densius
1006 1411 1062 1495 sit,
1101 1413 1180 1508 jam
1232 1412 1351 1508 magis
1402 1415 1594 1486 conabitur
1637 1417 1810 1489 recedere
1852 1443 1877 1489 a

417 1556 544 1613 centro
577 1533 725 1610 vorticis
756 1557 867 1628 quam
898 1529 1019 1625 prius;
1052 1528 1210 1624 ideoque
1240 1530 1390 1601 vorticis
1419 1533 1496 1603 vim
1529 1532 1636 1617 illam,
1668 1558 1744 1629 qua
1773 1534 1876 1628 prius

420 1654 456 1728 in
486 1652 606 1727 orbita
636 1676 704 1722 sua
737 1664 914 1743 tanquam
951 1646 985 1716 in
1021 1643 1226 1740 aequilibrio
1260 1646 1500 1718 constitutum
1532 1648 1767 1733 retinebatur,
1794 1651 1874 1746 jam

415 1792 605 1868 superans,
638 1765 785 1840 recedet
818 1790 841 1836 a
875 1778 1001 1835 centro
1032 1759 1068 1832 dt
1103 1760 1331 1834 revolvendo
1361 1761 1547 1836 describet
1580 1764 1763 1860 spiralcm,
1796 1792 1872 1839 non

414 1884 572 1983 amplius
599 1885 633 1957 in
661 1881 821 1956 eundem
848 1880 976 1952 orbem
1003 1877 1158 1951 rediens.
1214 1877 1265 1949 Et
1286 1879 1420 1950 eodem
1446 1897 1667 1977 argumento
1693 1882 1724 1952 si
1752 1884 1870 1955 rarius

417 2002 475 2090 sit,
494 2000 644 2077 accedet
662 2000 709 2073 ad
737 2012 913 2072 centrum.
980 1995 1099 2092 Igitur
1128 2019 1200 2067 non
1232 1994 1365 2066 redibit
1394 1996 1429 2066 in
1458 1997 1617 2068 eundem
1645 1997 1774 2070 orbem
1803 1999 1873 2071 nisi
1915 2002 1917 2006 ’

417 2118 464 2194 sit
490 2118 657 2217 ejusdem
675 2113 867 2188 densitatis
891 2137 974 2185 cum
1003 2110 1124 2184 fluido.
1180 2109 1241 2182 Eo
1266 2125 1390 2182 autem
1419 2111 1454 2182 in
1481 2138 1568 2184 casu
1595 2129 1785 2187 ostensum
1804 2132 1872 2202 est,

414 2235 514 2335 quod
543 2232 795 2308 revolveretur
819 2229 951 2303 eadem
976 2226 1060 2326 lege
1086 2253 1169 2299 cum
1195 2227 1361 2321 partibus
1388 2226 1489 2300 fluidi
1516 2255 1538 2302 a
1563 2247 1690 2303 centro
1721 2233 1871 2304 vorticis

416 2350 607 2451 tequaliter
631 2348 863 2423 distantibus.
919 2345 962 2435 Q.
975 2346 1023 2417 E.
1037 2345 1086 2417 D.

485 2469 602 2543 (brol.
638 2491 665 2539 1.
698 2465 801 2559 lirgo
819 2460 977 2535 solidum
1000 2460 1100 2557 quod
1128 2460 1164 2532 in
1192 2460 1331 2533 vortice
1359 2460 1622 2534 revolvitur&
1650 2463 1685 2533 in
1709 2463 1871 2535 eundem

414 2586 541 2663 orbem
561 2607 708 2680 semper
725 2581 828 2666 redit,
850 2578 1001 2652 relative
1019 2577 1174 2674 quiescit
1192 2576 1228 2648 in
1248 2576 1362 2650 fluido
1380 2577 1437 2647 cui
1456 2577 1605 2648 innatat.

482 2703 599 2777 Corol.
624 2725 653 2774 2.
678 2699 729 2771 Et
746 2697 775 2770 si
795 2712 925 2770 vortex
943 2696 991 2767 sit
1013 2695 1136 2790 quoad
1154 2695 1376 2767 densitatem
1396 2693 1596 2779 uniformis,
1616 2720 1749 2790 corpus
1769 2694 1867 2767 idem

415 2819 462 2895 ad
489 2816 692 2917 quamlibet
718 2840 740 2887 a
766 2829 892 2888 centro
918 2813 1067 2886 vorticis
1093 2811 1306 2884 distantiam
1334 2808 1475 2884 revolvi
1502 2827 1634 2905 potest.

1044 3012 1238 3085 Scholz'um.

486 3170 586 3244 llinc
622 3167 736 3265 liquet
770 3166 937 3262 planetas
964 3191 986 3238 a
1016 3163 1216 3237 vorticibus
1247 3162 1433 3257 corporeis
1461 3188 1533 3236 non
1569 3162 1636 3235 de
1633 3188 1712 3236 errr
1770 3164 1870 3236 Nam

415 3286 572 3385 planetae
565 3286 790 3361 secundum
806 3283 1027 3381 hypothesin
1046 3283 1110 3353 Co-

404 3407 625 3503 pcrm'rcrom
652 3405 746 3478 circa
777 3401 891 3475 solem
920 3399 1031 3474 delati
1059 3425 1112 3471 re·
1181 3347 1823 4023 Jffl

415 3522 615 3597 volvuntur
634 3522 668 3595 in
688 3520 878 3617 ellipsihus
898 3516 1113 3591 umbilicum

414 3639 636 3714 habentibus
656 3637 690 3710 in
710 3635 797 3721 sole,
814 3636 849 3710 ἃ
865 3634 975 3708 radiis
989 3633 1036 3706 ad
1055 3659 1112 3705 so-

413 3755 485 3831 lem
513 3756 632 3830 ductis
659 3780 764 3828 arens
782 3755 995 3827 describunt
1023 3769 1112 3825 tem-

414 3873 563 3971 poribus
579 3871 878 3969 proportionales.
921 3872 976 3944 At
991 3772 1180 3969 partesfi

413 3991 560 4065 vorticis
591 3987 650 4063 tuli
680 4005 780 4063 motu
811 3987 948 4063 revolvi
977 4014 1151 4083 neque-p
1255 4014 1276 4060 a
1349 4021 1372 4065 n
1486 3996 1504 4030 ⁰
1632 3621 1771 4235 §f
1842 4037 1862 4083 Ο

413 4125 485 4186 unt.
552 4107 761 4202 lilesipnent
788 4107 826 4179 A
841 4109 891 4188 l),
910 4108 1006 4191 BE,
1029 4106 1115 4199 CF,

411 4227 520 4301 orbes
548 4245 621 4300 tres
649 4225 742 4298 circu
761 4224 876 4299 solem
905 4226 938 4297 S
953 4224 1098 4318 descrip

413 4361 479 4426 tos.
499 4369 656 4442 (piorum
684 4343 844 4416 extiours
866 4343 947 4416 CF
959 4339 1113 4414 circulus

434 4461 440 4478 .
536 4462 542 4477 .
741 4459 747 4474 .
859 4459 908 4485 ,.
998 4459 1004 4473 .

411 4478 459 4534 srt
477 4458 542 4535 soh
563 4475 824 4541 concentrrcus.
846 4462 880 4532 u
901 4474 1112 4532 interiorum

411 4577 567 4651 tluortuu
587 4575 733 4674 upheliu
752 4577 825 4650 sint
843 4577 896 4657 sl.
911 4576 999 4649 B&
1018 4576 1111 4671 peri-

411 4692 508 4769 helio
534 4696 583 4774 l).
613 4696 659 4768 li.
723 4694 825 4791 lirgo
852 4719 985 4790 corpus
1012 4693 1113 4789 quod

411 4808 612 4885 revolvitur
639 4811 673 4883 io
701 4811 790 4883 orbe
820 4810 854 4882 C
863 4811 904 4887 F.
931 4809 1033 4881 radio
1059 4809 1105 4880 ad
1134 4807 1248 4883 solem
1275 4810 1387 4881 ducto
1414 4835 1518 4881 areas
1546 4811 1774 4904 temporibus
1803 4835 1870 4903 pro
