4110 5782
699 426 840 484 maan
862 424 1049 484 sucurre
1058 424 1114 482 us
1568 430 1639 515 369

180 629 377 702 tractiones
405 622 697 698 &dilatationes
724 621 882 715 partium
909 617 1148 714 analogarum
1175 633 1282 689 erunt
1307 633 1348 689 ut
1375 618 1485 690 iidem
1506 637 1638 694 motus.

181 745 369 817 Accurata
386 741 536 838 quidem
560 765 633 810 non
652 753 708 810 est
735 737 814 809 haec
842 736 1039 831 proportio.
1096 734 1350 805 Veruntamen
1378 734 1446 805 nisi
1474 752 1637 808 contrac-

181 862 301 934 tiones
333 859 368 931 &
403 857 637 930 dilatationes
672 855 746 925 sint
780 852 890 925 valde
926 853 1091 933 intensae,
1125 876 1198 922 non
1235 851 1372 922 errabit
1406 852 1637 938 sensibiliter,

180 978 339 1073 ideoque
375 1001 441 1071 pro
477 973 629 1069 physice
669 987 837 1042 accurata
882 970 1008 1042 haberi
1044 984 1177 1063 potest.
1250 967 1347 1039 Sunt
1382 983 1506 1040 autem
1541 970 1639 1042 vires

180 1093 340 1166 elasticae
380 1090 552 1163 motrices
592 1104 632 1159 ut
671 1086 938 1159 contractiones
979 1086 1015 1158 81
1054 1084 1309 1165 dilatationes;
1349 1084 1384 1156 u
1424 1085 1639 1159 velocitates

181 1209 339 1303 partium
366 1204 563 1301 aequalium
590 1204 697 1274 simul
724 1205 862 1300 genitae
889 1217 977 1274 sunt
1003 1217 1043 1273 ut
1068 1202 1173 1273 vires
1234 1201 1399 1296 Ideoque
1421 1202 1583 1297 aequales
1603 1203 1639 1276 8ι

180 1325 511 1419 correspondentes
547 1320 719 1415 pulsuum
755 1318 1121 1413 correspondentium
1163 1333 1286 1411 partes
1322 1318 1393 1389 itus
1429 1318 1464 1390 u
1499 1320 1639 1392 reditus

180 1468 266 1515 suos
296 1467 362 1536 per
389 1440 509 1534 spatia
537 1436 846 1510 contractionibus
876 1434 911 1506 81
937 1433 1211 1506 dilatationibus
1240 1434 1536 1530 proportionalia,
1556 1462 1639 1508 cum

180 1557 436 1630 velocitatibus
455 1579 538 1648 quae
558 1567 643 1624 sunt
661 1568 701 1623 ut
719 1551 847 1645 spatia,
868 1542 978 1621 simul
996 1567 1200 1646 peragent:
1230 1552 1265 1624 81
1284 1569 1480 1648 propterea
1498 1552 1637 1648 pulsuS,

181 1677 243 1771 qui
275 1692 442 1768 tempore
473 1672 544 1743 itus
577 1671 612 1743 81
644 1671 782 1742 reditus
813 1669 920 1740 unius
955 1668 1185 1742 latitudinem
1227 1697 1331 1743 suam
1367 1674 1640 1770 progrediendo

180 1793 388 1879 conficiunt,
435 1791 470 1863 u
525 1791 560 1861 in
613 1788 693 1860 loca
736 1785 907 1882 pulsuum
952 1787 1119 1880 proxime
1163 1789 1449 1882 praeeedentium
1493 1815 1641 1885 semper

180 1910 392 1995 succedunt,
425 1908 473 1981 ob
505 1904 754 2001 aequalitatem
790 1903 1056 1986 distantiarum,
1089 1902 1220 1998 aequali
1257 1931 1339 1977 cum
1372 1906 1567 1980 velocitate
1602 1908 1638 1979 in

182 2026 305 2097 medio
323 2040 479 2119 utroque
499 2021 790 2118 progredientur.

250 2142 330 2213 Cas.
367 2165 397 2211 2.
433 2139 499 2212 Sin
533 2136 704 2232 pulsuum
723 2137 907 2209 distantiae
939 2162 1003 2208 seu
1036 2135 1285 2232 longitudines
1316 2140 1390 2211 sint
1421 2141 1577 2236 majores
1603 2141 1639 2211 in

181 2283 255 2329 uno
284 2257 407 2328 medio
436 2281 548 2351 quam
581 2256 616 2324 in
648 2251 783 2337 altero;
817 2278 996 2347 ponamus
1025 2253 1125 2347 quod
1157 2271 1281 2348 partes
1309 2248 1640 2351 correspondentes

181 2375 301 2468 spatia
329 2371 583 2444 latitudinibus
613 2371 783 2465 pulsuum
812 2366 1100 2462 proportionalia
1127 2369 1281 2467 singulis
1299 2371 1440 2443 vicibus
1462 2372 1585 2446 eundo
1604 2372 1641 2445 &

183 2490 375 2562 redeundo
409 2489 645 2561 describant:
690 2485 726 2558 u
767 2484 927 2579 aequales
971 2502 1079 2558 erunt
1121 2512 1247 2559 earum
1292 2490 1560 2562 contractiones
1604 2488 1641 2561 &

183 2606 426 2679 dilatationes.
486 2607 652 2700 Ideoque
670 2604 699 2675 si
723 2603 846 2674 media
863 2603 936 2674 sint
962 2603 1203 2699 homogenea,
1223 2605 1385 2700 aequales
1403 2622 1510 2677 erunt
1528 2607 1639 2678 etiam

182 2724 280 2795 vires
329 2721 399 2795 illae
447 2721 607 2794 elastica:
656 2719 827 2791 motrices
879 2719 1013 2813 quibus
1049 2720 1235 2815 reciproco
1287 2738 1389 2795 motu
1441 2724 1637 2819 agitantur.

184 2839 344 2911 Materia
373 2857 496 2912 autem
526 2837 583 2909 his
608 2836 747 2908 viribus
776 2835 961 2909 movenda
980 2853 1036 2908 est
1064 2854 1104 2909 ut
1133 2835 1303 2931 pulsuum
1332 2836 1508 2926 latitud0;
1538 2840 1574 2912 81
1603 2841 1639 2912 in

182 2956 313 3028 eadem
350 2957 490 3029 ratione
526 2970 583 3027 est
621 2953 780 3048 spatium
825 2979 893 3047 per
926 2954 1027 3047 quod
1074 2953 1227 3050 singulis
1262 2955 1404 3028 vicibus
1440 2957 1563 3030 eundo
1604 2957 1641 3030 &

182 3073 371 3145 redeundo
401 3073 541 3145 moveri
571 3071 718 3142 debent.
786 3068 931 3164 Estque
959 3085 1105 3163 tempus
1135 3070 1206 3143 itus
1236 3071 1271 3143 81
1300 3072 1438 3144 reditus
1467 3074 1573 3146 unius
1602 3075 1640 3148 in

182 3191 323 3261 ratione
367 3188 573 3283 composita
615 3211 662 3257 ex
714 3186 855 3257 ratione
905 3186 1161 3281 subduplicata
1213 3188 1375 3261 materiae
1420 3189 1456 3261 &
1499 3191 1641 3264 ratione

181 3304 438 3400 subduplicata
466 3305 583 3399 spatii,
604 3318 715 3397 atque
744 3302 828 3376 ideo
856 3319 897 3375 ut
924 3303 1093 3399 spatium.
1153 3302 1283 3375 Pulsus
1312 3321 1435 3377 autem
1467 3306 1639 3401 tempori-

180 3420 249 3492 bus
262 3422 333 3493 itus
347 3420 533 3493 &reditus
548 3421 655 3492 unius
671 3420 794 3492 eundo
808 3417 1020 3492 latitudines
1034 3445 1119 3491 suas
1133 3420 1340 3505 conficiunt,
1356 3420 1425 3493 hoc
1440 3437 1505 3507 est,
1521 3424 1641 3517 spatia

181 3540 409 3633 temporibus
445 3537 730 3633 proportionalia
771 3553 1006 3630 percurrunt;
1051 3537 1086 3608 ἃ
1129 3552 1325 3631 propterea
1360 3551 1445 3607 sunt
1480 3538 1640 3632 aequive-

181 3653 288 3726 loces,

253 3771 332 3841 Cas.
366 3794 396 3861 3.
433 3769 475 3839 ln
506 3769 636 3840 mediis
667 3769 776 3865 igitur
804 3768 987 3840 densitate
1017 3769 1052 3841 81
1081 3769 1117 3839 vi
1147 3767 1296 3840 elastica
1325 3769 1483 3863 paribus
1513 3766 1640 3861 pulsus

181 3911 311 3957 omnes
330 3901 416 3956 sunt
434 3884 689 3980 aequiveloces.
746 3884 858 3977 Quod
886 3885 915 3955 si
944 3884 1054 3955 medii
1075 3883 1133 3956 vel
1153 3885 1316 3956 densitas
1335 3882 1394 3955 vel
1417 3885 1473 3955 vis
1492 3884 1641 3956 elastica

182 4003 401 4085 intendatur,
432 4002 607 4097 quoniam
638 4002 695 4073 vis
725 4001 859 4073 motrix
896 4000 932 4071 in
965 4001 1105 4073 ratione
1134 4002 1190 4072 vis
1222 3999 1392 4089 elasticae,
1423 4001 1458 4073 81
1489 4002 1642 4075 materia

182 4120 368 4192 movenda
399 4119 438 4189 'in
472 4118 613 4189 ratione
648 4118 841 4189 densitatis
873 4135 1049 4214 augetur3
1085 4133 1242 4211 tempuS,
1271 4142 1345 4211 quo
1376 4132 1498 4189 motus
1531 4119 1641 4191 iidem

183 4252 406 4333 peragantur
431 4261 473 4306 ac
501 4235 610 4328 prius
634 4235 829 4330 augebitur
855 4235 891 4304 in
918 4234 1175 4329 subduplicata
1202 4233 1343 4306 ratione
1369 4233 1572 4319 densitatis
1600 4262 1643 4309 ac

181 4355 407 4426 diminuetur
450 4351 485 4422 in
522 4350 780 4445 subduplicata
824 4351 964 4423 ratione
1006 4352 1062 4422 vis
1106 4349 1275 4422 elasticae.
1353 4351 1404 4423 Et
1448 4368 1643 4446 propterea

182 4469 358 4542 velocitas
386 4467 557 4562 pulsuum
585 4468 653 4539 erit
685 4468 720 4538 in
749 4467 889 4539 ratione
916 4469 1120 4561 composita
1146 4494 1193 4539 ex
1221 4468 1361 4540 ratione
1388 4467 1644 4564 subduplicata

182 4587 374 4659 densitatis
405 4585 514 4656 medii
545 4585 691 4656 inverse
721 4584 756 4655 ἃ
785 4585 926 4656 ratione
954 4583 1210 4678 subduplicata
1228 4585 1284 4656 vis
1306 4584 1465 4657 elasticae
1493 4587 1640 4661 directe.

186 4706 227 4793 Q.
243 4706 289 4777 E.
305 4706 355 4775 D.

254 4821 350 4892 Haec
369 4819 571 4914 propositio
590 4817 741 4890 ulterius
761 4817 903 4911 patebit
920 4842 966 4888 ex
987 4817 1259 4891 constructione
1278 4819 1475 4914 sequentis.

881 4941 898 4985 2
921 4941 943 4986 n
