4088 5768
765 403 1263 464 AUCTORJSPRAEFATJO.
1696 431 1748 477 xv

289 601 396 674 datas
430 624 659 696 quascunque
696 599 782 695 leges
816 599 988 671 attractis
1024 597 1276 684 describendas,
1307 597 1361 670 acl
1398 609 1516 672 motus
1557 612 1748 697 corporum

282 717 460 814 plurium
476 716 577 789 inter
599 741 643 805 se,
660 714 713 787 acl
733 724 851 788 motus
875 725 1068 811 corporum
1085 715 1125 788 i'n
1144 714 1271 789 mediis
1296 715 1549 804 resistentibus,
1568 716 1622 788 ad
1643 718 1748 807 uires,

289 834 480 908 densitates
498 835 547 910 (⁰9³
563 841 681 906 motus
697 833 906 918 mediorum,
925 832 978 905 acl
989 834 1088 906 orbes
1109 842 1329 907 cometarum
1350 837 1399 913 ἐφ’
1414 835 1555 908 similia
1580 846 1747 931 spectant,

289 950 477 1024 editionem
494 950 536 1022 in
552 949 664 1022 ali'uil
675 959 813 1044 tempus
828 949 1065 1047 differendam
1081 976 1149 1022 esse
1155 952 1302 1046 putavi,
1317 961 1361 1024 ut
1376 962 1502 1024 catera
1520 953 1685 1026 rimarer
1701 955 1751 1031 ὦ*

291 1094 369 1151 una
386 1069 428 1141 in
438 1065 630 1162 publicum
646 1065 780 1141 clarem.
836 1066 931 1157 Qua
953 1066 1007 1138 acl
1028 1075 1147 1139 motus
1172 1067 1322 1141 lunares
1341 1077 1501 1163 spectant
1521 1068 1749 1165 (imperfecta

292 1210 374 1258 cnm
402 1185 498 1273 sint)
528 1183 569 1256 iu
598 1182 805 1257 corollari'i‘s
821 1183 1086 1279 propositionis
1118 1182 1253 1255 LXVI
1286 1185 1404 1257 simul
1428 1187 1629 1280 complanans
1656 1211 1747 1271 sum,

293 1328 338 1374 uc
364 1302 513 1397 singula
542 1300 701 1374 metlcoilo
717 1301 925 1396 proliniore
948 1326 1061 1397 qnam
1081 1309 1157 1395 pro
1187 1300 1245 1372 rei
1266 1301 1446 1397 dignitate
1461 1312 1671 1398 proponere,
1702 1305 1750 1380 ὢ*

292 1418 488 1515 sigillatim
518 1417 766 1507 demonstrare
794 1429 941 1507 tenerer,
973 1421 1021 1497 ὃ
1049 1419 1176 1493 seriem
1206 1418 1435 1513 reliquarum
1456 1418 1750 1513 propositionum

292 1536 565 1629 interrumpere.
635 1536 838 1609 Nonnulla
867 1561 944 1609 sero
975 1536 1123 1608 i‘iioenta
1153 1535 1238 1608 locis
1271 1535 1394 1607 minus
1427 1535 1563 1608 i'ilonei's
1596 1535 1753 1608 inserere

293 1651 422 1739 malni,
441 1676 552 1747 quam
570 1677 763 1723 numerum
772 1652 1065 1747 preposi'ti'onum
1085 1654 1134 1730 ὅτ
1150 1651 1333 1725 citationes
1345 1661 1496 1725 mutare.
1559 1654 1612 1726 Ui
1627 1655 1751 1726 omnia

293 1766 719 1864 conciliamini&
742 1767 897 1863 ilcseetus
922 1768 964 1840 iu
989 1769 1146 1841 materia
1171 1778 1248 1840 tam
1273 1769 1418 1863 difficili
1440 1771 1513 1842 riou
1537 1779 1614 1842 tam
1632 1781 1748 1866 repre-

293 1883 513 1971 hendantur,
544 1909 656 1980 quam
684 1885 786 1958 nouis
816 1886 987 1959 lectorum
1016 1886 1201 1961 conatibus
1229 1886 1499 1983 inoestigimtur,
1529 1890 1578 1966 ὅτ
1607 1889 1754 1985 benigue

293 2003 545 2098 suppleantur,
563 2002 664 2074 cuiue
679 2026 773 2097 rogo.

338 2204 456 2263 Dabam
471 2203 669 2279 Cantobn'gi'ie,
685 2223 701 2263 e
717 2203 853 2281 Collegio

378 2304 409 2362 S.
428 2304 588 2376 Trinitatis,
606 2301 680 2362 Maii
697 2305 724 2376 8,
744 2305 828 2362 1686.

1328 2401 1393 2473 IS.
1422 2401 1696 2475 NEWTON.
