4110 5782
424 419 494 508 338
901 420 968 476 DE
988 419 1125 478 MOTU
1144 418 1400 478 CORPORleI

421 609 661 709 longitudinis
687 638 765 685 suae
791 613 975 700 describit,
1002 611 1062 686 vel
1097 613 1265 711 generari
1300 610 1418 708 possit
1443 608 1503 683 vel
1531 608 1617 697 tolli,
1645 626 1686 684 ut
1712 611 1877 686 densitas

422 728 535 801 medii
552 730 600 802 ad
619 730 840 803 densitatem
859 727 1012 827 cylindri
1031 730 1323 826 quamproxime.
1379 729 1422 818 Q.
1435 728 1483 801 E.
1497 728 1547 800 D.
1950 825 1952 827 g

492 844 666 919 Fluidum
701 862 826 920 autem
861 847 1053 943 comprimi
1087 847 1201 919 debet
1235 862 1277 919 ut
1310 847 1358 918 sit
1392 845 1623 931 continuum;
1659 847 1876 918 continuum

422 990 513 1038 vero
530 991 613 1039 esse
631 966 744 1040 debet
762 967 797 1039 δι
816 992 889 1039 non
908 966 1099 1039 elasticum
1126 981 1166 1038 ut
1193 965 1333 1061 pressio
1359 965 1489 1050 omnis,
1508 989 1592 1059 quae
1614 964 1661 1036 ab
1680 965 1759 1061 ejus
1778 991 1876 1038 com-

422 1081 613 1177 pressione
638 1082 762 1168 oritur‚
789 1096 1016 1178 propagetur
1041 1082 1077 1154 in
1106 1080 1265 1165 instanti,
1298 1080 1334 1152 81
1361 1081 1397 1151 in
1424 1105 1554 1153 omnes
1588 1080 1678 1153 moti
1714 1082 1878 1176 corporis

422 1212 546 1292 partes
564 1197 756 1294 aequaliter
772 1197 920 1295 agendo
939 1198 1184 1270 resistentiam
1203 1222 1276 1268 non
1295 1210 1422 1269 mutet.
1472 1196 1619 1269 Pressio
1636 1196 1772 1292 utique,
1793 1222 1877 1292 quae

422 1340 445 1387 a
458 1330 560 1389 motu
575 1315 737 1410 corporis
750 1315 873 1401 oritur,
889 1314 1115 1410 impenditur
1128 1315 1164 1386 in
1180 1330 1321 1387 motum
1335 1315 1492 1409 partium
1508 1314 1609 1385 fluidi
1622 1315 1878 1410 generandum

424 1429 461 1502 81
491 1432 737 1504 resistentiam
768 1446 877 1504 creat.
952 1430 1097 1503 Pressio
1127 1446 1252 1502 autem
1283 1454 1368 1525 quae
1398 1430 1513 1501 oritur
1546 1455 1568 1501 a
1603 1432 1878 1524 compressione

423 1546 535 1634 fluidi,
554 1564 742 1645 utcunque
768 1549 872 1622 fortis
898 1549 955 1633 sit,
980 1550 1011 1620 si
1037 1561 1264 1644 propagetur
1294 1547 1330 1618 in
1361 1546 1521 1632 instanti,
1553 1545 1693 1620 nullum
1722 1566 1901 1646 generat.

422 1682 564 1740 motum
608 1668 644 1741 in
679 1668 845 1764 partibus
880 1666 982 1739 fluidi
1017 1665 1189 1751 continui,
1222 1662 1358 1736 nullam
1393 1667 1545 1739 omnino
1580 1667 1720 1739 inducit
1755 1685 1877 1741 motus

423 1785 685 1872 mutationem3
730 1785 890 1879 ideoque
924 1783 1170 1856 resistentiam
1206 1806 1274 1853 nec
1309 1796 1422 1878 auget
1456 1807 1525 1854 nec
1561 1783 1700 1857 minuit
1765 1785 1877 1859 Certe

422 1900 518 1974 actio
552 1901 665 1988 fluidi,
700 1927 785 1997 quae
820 1902 868 1973 ab
902 1902 982 1998 ejus
1016 1901 1292 1996 compressione
1335 1901 1459 1987 oritur,
1503 1901 1633 1975 sortior
1675 1930 1758 1977 esse
1802 1932 1875 1981 non

422 2035 546 2116 potest
572 2022 608 2093 in
635 2035 759 2117 partes
785 2020 945 2115 posticas
971 2019 1134 2115 corporis
1161 2019 1251 2092 moti
1278 2044 1390 2115 quam
1418 2020 1453 2090 in
1480 2021 1560 2117 ejus
1584 2037 1708 2115 partes
1725 2025 1875 2111 anticas
1905 2017 1908 2020 ⁴

422 2136 582 2233 ideoque
617 2136 862 2210 resistentiam
893 2135 929 2207 in
961 2134 1030 2207 hac
1060 2133 1313 2230 propositione
1344 2133 1567 2230 descriptam
1597 2137 1763 2211 minuere
1802 2163 1875 2212 non

422 2273 569 2354 potest:
609 2257 646 2331 81
675 2258 805 2331 sortior
834 2281 907 2330 non
939 2256 1008 2328 erit
1038 2256 1074 2328 in
1106 2270 1229 2351 partes
1260 2255 1400 2328 anticas
1430 2281 1542 2351 quam
1572 2258 1608 2329 in
1643 2261 1813 2354 posticas,
1845 2262 1875 2334 si

423 2375 536 2449 modo
570 2374 788 2471 propagatio
822 2374 902 2470 ejus
937 2372 1078 2445 infinite
1112 2370 1274 2446 velocior
1307 2371 1355 2445 sit
1393 2397 1504 2468 quam
1549 2392 1671 2447 motus
1713 2379 1876 2473 corporis

423 2491 550 2588 pressi.
625 2491 773 2563 lnlinite
800 2505 925 2562 autem
952 2487 1116 2562 velocior
1143 2489 1212 2561 erit
1239 2488 1275 2560 82
1303 2490 1570 2586 propagabitur
1597 2491 1634 2564 in
1663 2493 1821 2580 instanti,
1844 2496 1875 2567 si

426 2609 539 2683 modo
565 2607 719 2681 fluidum
738 2607 786 2678 sit
806 2608 1021 2679 continuum
1040 2605 1076 2677 u
1094 2629 1168 2678 non
1187 2602 1387 2679 elasticum.

495 2724 611 2796 Corol.
660 2747 687 2796 1.
718 2721 987 2819 cylindrorum,
1007 2721 1071 2817 qui
1088 2719 1291 2793 secundum
1309 2717 1560 2819 longitudines
1585 2750 1671 2797 suas
1690 2726 1726 2797 in
1745 2727 1876 2800 mediis

423 2841 606 2914 continuis
624 2839 775 2912 infinitis
792 2839 1022 2912 uniformiter
1037 2836 1333 2933 progrediuntur,
1346 2839 1564 2912 resistentiae
1578 2855 1664 2912 sunt
1681 2840 1718 2913 in
1736 2843 1877 2915 ratione

340 2975 342 2979 ’
423 2981 509 3053 quae
527 2955 760 3051 componitur
776 2979 823 3027 ex
841 2953 1027 3050 duplicata
1053 2953 1196 3026 ratione
1221 2949 1459 3026 velocitatum
1479 2953 1716 3050 &duplicata
1734 2956 1876 3030 ratione

424 3070 687 3144 diametrorum
707 3071 743 3143 &
760 3071 901 3143 ratione
918 3070 1111 3143 densitatis
1129 3068 1345 3142 mediorum.

496 3189 614 3261 Corol.
645 3212 675 3261 2.
705 3187 747 3260 Si
782 3184 988 3282 amplitudo
1025 3183 1162 3258 canalis
1205 3209 1279 3257 non
1372 3219 1400 3271 K
1400 3267 1576 3281 ,,,,,,,,,,,,,,,,,,,
1576 3214 1590 3285 y
1589 3269 1758 3281 ·················
1759 3219 1782 3278 1,

425 3318 605 3402 augeatur
632 3305 667 3375 in
704 3303 895 3388 infinitum,
923 3303 989 3375 sed
1025 3300 1212 3399 cylindrus
1243 3301 1279 3372 in
1365 3287 1404 3342 Αἵ
1405 3329 1549 3337 ···············
1552 3306 1587 3404 ff}
1589 3329 1759 3340 ·················
1766 3321 1770 3328 ’

426 3422 551 3495 medio
601 3421 814 3517 quiescente
876 3418 1015 3493 incluso
1076 3418 1280 3491 secundum
1583 3410 1587 3437 ²

425 3536 693 3635 longitudinem
704 3563 809 3609 suam
821 3535 1282 3634 progrediatur,&interea

425 3652 505 3726 axis
539 3654 618 3750 ejus
653 3678 737 3724 cum
777 3677 848 3724 axe
890 3649 1027 3723 canalis
1070 3650 1279 3724 coincidat:

425 3770 634 3844 resistentia
651 3771 729 3868 ejus
747 3770 817 3842 erit
834 3769 881 3840 ad
900 3769 976 3840 vim
991 3793 1065 3863 qua
1082 3781 1182 3840 totus
1200 3767 1279 3862 ejus
1320 3781 1396 3847 ...f

424 3902 556 3972 motus,
575 3912 650 3982 quo
668 3901 835 3981 tempore
853 3883 1098 3981 quadruplum
1120 3882 1278 3979 longitu-

424 4003 520 4076 dinis
538 4029 615 4076 suae
634 4003 817 4087 describit,
833 3999 892 4074 vel
906 4001 1074 4098 generari
1089 4000 1206 4095 possit
1219 3997 1279 4072 vel

424 4116 511 4202 tolli,
528 4119 564 4190 in
578 4118 720 4191 ratione
734 4142 817 4213 quae
831 4118 1065 4212 componitur
1077 4141 1125 4188 ex
1138 4116 1279 4188 ratione

423 4234 530 4329 EFq
555 4232 603 4305 ad
629 4232 917 4328 EFq-lPQq
939 4229 1063 4315 semel,
1083 4231 1119 4303 81
1137 4232 1279 4305 ratione

424 4350 465 4421 E
468 4351 531 4446 Fq
549 4349 596 4421 ad
616 4348 877 4444 EFq-PQq
895 4349 960 4433 bis,
976 4347 1012 4419 82
1030 4348 1171 4440 ratione
1188 4348 1277 4421 den-

423 4465 541 4538 sitatis
559 4463 672 4537 medii
690 4463 738 4535 ad
756 4464 979 4535 densitatem
997 4460 1159 4557 cylindri.

493 4581 610 4654 Corol.
643 4603 674 4673 3.
706 4580 845 4652 lisdem
864 4579 1002 4674 positis,
1023 4578 1058 4650 81
1077 4579 1177 4674 quod
1204 4578 1399 4677 longitudo
1428 4580 1460 4651 L
1486 4580 1534 4651 sit
1559 4580 1607 4652 ad
1626 4577 1873 4674 quadruplum

422 4694 663 4793 longitudinis
690 4693 845 4791 cylindri
873 4695 908 4766 in
936 4694 1077 4767 ratione
1104 4720 1188 4791 quae
1214 4697 1447 4791 componitur
1472 4723 1519 4771 ex
1537 4699 1678 4770 ratione
1695 4699 1736 4769 E
1745 4699 1786 4769 F
1792 4725 1815 4792 q
1832 4740 1868 4751 -
