4110 5782
739 426 879 483 LIBER
901 426 1149 485 SECUNDUS.
1595 435 1664 502 281

216 623 256 678 ut
275 604 385 678 medii
405 631 451 677 ex
478 628 552 677 uno
578 603 741 698 corporis
767 600 880 673 latere
907 603 1024 698 major
1048 602 1213 674 densitas
1239 628 1350 699 quarn
1378 632 1425 676 ex
1451 604 1566 680 altero
1593 635 1666 683 non

216 721 483 796 consideranda
501 722 634 792 veniat.
709 718 971 790 Resistentiam
990 743 1139 813 quoque
1158 720 1299 791 caeteris
1325 721 1474 815 paribus
1492 724 1668 799 densitati

216 836 527 936 proportionalem
546 863 628 909 esse
646 861 824 931 suppono.
884 834 997 906 Unde
1016 835 1051 904 in
1070 834 1213 924 mediis,
1229 861 1385 931 quorum
1400 839 1456 910 vis
1475 840 1668 913 resistendi

216 982 289 1030 non
316 972 374 1028 est
400 971 440 1027 ut
466 955 639 1038 densitas,
665 954 777 1025 debet
804 952 967 1023 densitas
993 976 1039 1023 eo
1065 976 1182 1045 usque
1209 955 1333 1048 augeri
1361 954 1419 1027 vel
1447 956 1610 1042 diminui,
1630 974 1672 1029 ut

215 1073 432 1146 resistentiae
451 1070 509 1143 vel
529 1069 677 1143 tollatur
694 1095 866 1142 excessus
885 1067 943 1140 vel
962 1068 1128 1141 desectus
1146 1067 1368 1163 suppleatur.

393 1302 762 1375 PROPOSITIO
808 1301 958 1373 XVII.
1033 1300 1368 1374 PROBLEMA
1417 1304 1490 1377 lV.

79 1546 84 1556 .
215 1487 452 1563 latomiae&
470 1486 544 1556 aim
562 1485 793 1578 ceritrptatam
814 1485 861 1560 (θ’
879 1482 989 1554 audii
1008 1483 1256 1569 resistentiam,
1275 1509 1349 1579 qua
1365 1493 1494 1579 carpus
1516 1486 1556 1557 in
1582 1486 1670 1557 data

499 1619 644 1712 spirali,
671 1617 760 1689 alata
777 1618 972 1690 velocitatis
997 1619 1076 1713 lege,
1106 1616 1244 1688 revolvi
1256 1625 1383 1710 potest.

281 1791 340 1863 Sit
357 1789 501 1884 spiralis
521 1788 580 1861 illa
597 1790 635 1861 P
649 1789 683 1877 Q
695 1789 742 1859 R.
801 1787 861 1859 Ex
881 1785 1085 1871 velocitate,
1105 1812 1179 1882 qua
1199 1812 1332 1882 corpus
1350 1792 1528 1884 percurrit
1545 1818 1669 1866 arcum

215 1931 326 2002 quarn
345 1907 536 1978 minimum
555 1907 593 1976 P
604 1905 648 1994 Q,
668 1904 815 1976 dabitur
832 1920 988 1999 tempus,
1008 1902 1044 1975 &
1063 1929 1109 1975 ex
1127 1899 1320 1976 altitudine
1346 1906 1384 1976 T
1389 1908 1432 1996 Q,
1453 1933 1536 2003 quae
1555 1924 1612 1982 est
1629 1925 1670 1982 ut

215 2025 272 2096 vis
307 2024 511 2119 centripeta
547 2023 583 2095 &
617 2022 838 2119 quadratum
873 2021 1059 2115 temporis,
1096 2019 1244 2091 dabitur
1284 2021 1350 2095 vis.
1432 2025 1580 2098 Deinde
1623 2051 1670 2098 ex

218 3851 395 3909 arearum,
414 3825 617 3920 aequalibus
637 3843 844 3923 temporum
863 3827 1049 3923 particulis
1067 3825 1315 3899 confectarum
1333 3827 1415 3897 PS
1424 3825 1458 3913 Q
1478 3824 1514 3897 ἃ
1533 3825 1670 3919 QSR‚

218 3943 425 4015 differentia
459 3944 498 4013 R
509 3945 542 4015 S
551 3970 581 4029 r,
617 3945 765 4026 dabitur
806 3946 968 4041 corporis
1013 3944 1219 4029 retardatio,
1258 3943 1293 4016 dt
1336 3969 1383 4016 ex
1426 3941 1672 4014 retardatione

221 4059 427 4131 invenietur
445 4061 652 4133 resistentia
671 4087 714 4134 ac
728 4063 892 4134 densitas
911 4062 1032 4135 medii.

406 4310 778 4382 PROPOSlTlO
825 4311 990 4382 XVIII.
1063 4309 1397 4382 PROBLEMA
1443 4309 1492 4382 V.

219 4490 322 4560 Data
351 4490 423 4584 lege
450 4490 503 4561 ais
529 4490 739 4584 caatrz'pela,
767 4491 931 4562 invenire
958 4489 1068 4561 madii
1091 4488 1301 4560 densitatem
1329 4487 1369 4559 in
1398 4487 1481 4559 lacz's
1505 4485 1670 4582 singulis,

560 4647 632 4717 qua
659 4633 787 4718 carpas
810 4622 936 4695 datam
961 4623 1132 4718 spiralem
1150 4621 1323 4695 describet.

288 4800 347 4871 Ex
367 4803 403 4873 vi
423 4802 627 4897 centripeta
654 4803 876 4876 invenienda
903 4821 960 4877 est
986 4803 1161 4878 velocitas
1190 4805 1225 4876 in
1247 4802 1336 4878 locis
1353 4800 1517 4901 singulis,
1537 4801 1672 4875 deinde
