4110 5782
295 427 363 496 342
779 407 846 462 oo
866 405 1005 465 Moru
1019 406 1271 466 conponere

291 599 339 671 de
383 598 504 670 fluidis
548 595 715 684 elasticis‚
752 599 817 672 sed
862 599 910 673 de
954 625 1028 673 non
1072 598 1253 687 elasticis;
1296 626 1368 674 non
1413 601 1461 673 de
1504 600 1749 676 insidentibus

293 715 415 799 fluido,
436 715 502 787 sed
521 715 569 788 de
587 713 661 788 alte
679 716 871 789 immersis,
946 718 998 790 Et
1023 719 1086 790 ubi
1109 719 1316 792 resistentia
1342 743 1537 813 corporum
1564 720 1601 791 in
1629 720 1751 794 fluidis

293 858 366 906 non
396 831 555 906 elasticis
584 833 788 919 innotescit,
820 834 991 930 augenda
1022 835 1092 908 erit
1126 835 1206 908 haec
1241 835 1449 908 resistentia
1483 833 1750 930 aliquantulum

291 967 367 1023 tam
387 950 424 1022 in
442 949 564 1023 fluidis
582 947 750 1035 elasticis‚
770 948 888 1046 qualis
906 966 964 1024 est
980 976 1054 1040 aer,
1081 976 1193 1046 quam
1212 952 1248 1023 in
1267 951 1530 1047 superficiebus
1550 953 1748 1027 fluidorum

294 1067 555 1163 stagnantium,
575 1063 698 1162 qualia
715 1084 801 1140 sunt
819 1067 934 1139 maria
952 1066 988 1140 81
1006 1065 1169 1163 paludes

357 1457 730 1531 PROPOSITIO
777 1408 1053 1532 xxxviii.
1123 1459 1480 1533 Tnaonsun
1528 1461 1679 1533 XXX.

297 1686 413 1772 Globi,
457 1687 498 1759 in
528 1687 654 1784 flureio
695 1699 889 1785 compresso
931 1690 1080 1782 infim'to
1125 1692 1173 1768 ὅ
1215 1715 1288 1762 non
1330 1690 1470 1762 elastico
1512 1689 1754 1784 uniformiter

334 1821 613 1918 progredientes,
634 1823 835 1896 resestmtio
851 1833 902 1899 est
917 1825 971 1897 od
984 1826 1058 1898 vim
1075 1850 1149 1920 quo
1165 1832 1262 1897 totus
1277 1825 1355 1921 ejus
1367 1833 1493 1914 motus,
1512 1851 1582 1921 quo
1599 1834 1753 1921 tempore

344 1965 418 2029 octo
436 1956 564 2029 tortz'es
570 1966 701 2052 portes
716 1958 892 2031 dmmetri
904 1983 980 2031 mee
994 1958 1169 2043 describit,
1188 1959 1248 2030 vel
1269 1958 1353 2030 tolli
1358 1958 1477 2053 possit
1501 1959 1560 2031 oel
1565 1959 1751 2055 generari,
1781 1997 1783 2001 ·

346 2099 392 2162 ut
405 2090 693 2187 domtesstm'o'i
705 2091 759 2164 ad
777 2090 986 2164 densitatem
997 2091 1102 2188 globi
1114 2092 1396 2188 quamproxime.

366 2336 466 2410 Nam
493 2337 629 2437 globus
659 2354 717 2412 est
744 2339 793 2411 ad
821 2337 1027 2436 cylindrum
1058 2340 1372 2436 circumscriptum
1403 2356 1444 2413 ut
1471 2341 1547 2414 duo
1582 2341 1631 2414 ad
1659 2341 1751 2428 tria;

298 2452 334 2526 &
347 2471 545 2551 propterea
562 2457 619 2529 vis
638 2454 707 2542 illa,
727 2481 811 2550 quae
830 2454 959 2529 tollere
976 2458 1095 2553 possit
1112 2475 1253 2530 motum
1272 2483 1421 2530 omnem
1440 2455 1594 2553 cylindri
1614 2459 1753 2531 interea

295 2569 386 2642 dum
417 2571 603 2667 cylindrus
631 2572 816 2645 describat
845 2570 1115 2670 longitudinem
1151 2589 1310 2670 quatuor
1343 2574 1616 2661 diametrorum,
1652 2572 1752 2672 globi

297 2704 440 2762 motum
475 2716 624 2764 omnem
659 2689 764 2764 tollet
806 2691 945 2763 interea
983 2691 1073 2763 dum
1108 2689 1244 2789 globus
1279 2692 1465 2764 describat
1498 2692 1592 2764 duas
1626 2693 1753 2766 tertias

297 2823 422 2902 partes
441 2808 550 2906 hujus
568 2806 818 2905 longitudinis
838 2808 875 2880 id
894 2822 961 2897 est,
981 2823 1065 2880 octo
1092 2809 1219 2881 tertias
1245 2824 1370 2904 partes
1396 2809 1565 2880 diametri
1584 2810 1752 2904 propriae.

300 2924 528 2996 Resistentia
570 2940 695 2998 autem
739 2922 893 3021 cylindri
936 2938 995 2996 est
1036 2923 1085 2995 ad
1129 2923 1224 2996 hanc
1267 2921 1344 2996 vim
1387 2925 1670 3020 quamproxime
1713 2941 1755 2998 ut

297 3040 463 3114 densitas
491 3040 593 3114 fluidi
622 3041 670 3113 ad
698 3040 921 3114 densitatem
950 3037 1105 3135 cylindri
1132 3038 1192 3113 vel
1220 3039 1322 3137 globi
1348 3067 1416 3138 per
1432 3068 1535 3138 prop.
1556 3065 1692 3114 xxxvn
1718 3042 1756 3115 dt

281 3157 507 3256 resistentia
531 3156 633 3257 globi
660 3155 813 3253 aequalis
839 3171 897 3230 est
924 3156 1142 3229 resistentiae
1171 3155 1325 3254 cylindri
1352 3184 1420 3253 per
1444 3156 1527 3231 lem.
1555 3182 1588 3244 v,
1615 3181 1663 3246 vr,
1689 3182 1752 3231 vu.

301 3275 455 3365 QM.

369 3393 488 3466 Corol.
524 3417 551 3467 1.
582 3391 799 3476 Globorum,
836 3390 873 3461 in
902 3389 1034 3462 mediis
1077 3390 1298 3485 compressis
1340 3390 1500 3477 infinitis
1537 3390 1755 3464 resistentiae

301 3524 389 3581 sunt
415 3510 451 3581 in
479 3509 621 3581 ratione
656 3534 741 3604 quae
768 3507 1003 3602 componitur
1027 3531 1075 3579 ex
1103 3504 1289 3602 duplicata
1317 3509 1458 3582 ratione
1486 3507 1692 3583 velocitatis
1720 3509 1756 3583 81

298 3625 484 3723 duplicata
502 3628 644 3700 ratione
661 3627 829 3699 diametri
850 3625 886 3697 81
904 3624 1046 3696 ratione
1063 3624 1258 3697 densitatis
1275 3626 1491 3698 mediorum.

370 3746 487 3818 Corol.
520 3770 551 3818 2.
582 3743 770 3818 Velocitas
805 3744 968 3815 maxima
1010 3768 1169 3839 quacum
1211 3740 1355 3839 globus
1395 3742 1433 3813 vi
1476 3742 1651 3837 ponderis
1700 3741 1756 3813 sui

299 3863 550 3959 comparativi,
583 3863 620 3935 in
655 3862 770 3936 fluido
806 3861 1002 3934 resistente
1036 3874 1160 3955 potest
1194 3859 1432 3944 descendere,
1464 3884 1510 3931 ea
1544 3874 1602 3932 est
1644 3885 1756 3954 quam

302 3981 492 4076 acquirere
510 3995 635 4076 potest
650 3978 785 4076 globus
804 3978 913 4063 idem,
928 3977 1061 4050 eodem
1075 3977 1250 4072 pondere,
1265 3977 1344 4049 sine
1363 3976 1571 4049 resistentia
1589 3978 1758 4050 cadendo

301 4095 441 4168 &casu
467 4122 536 4169 suo
562 4095 807 4169 describendo
832 4096 993 4191 spatium
1020 4094 1120 4189 quod
1147 4094 1195 4166 sit
1220 4094 1268 4166 ad
1296 4107 1455 4189 quatuor
1480 4094 1607 4167 tertias
1633 4111 1757 4190 partes

298 4212 468 4285 diametri
495 4237 573 4285 suae
599 4227 641 4284 ut
666 4211 830 4284 densitas
856 4209 959 4308 globi
986 4210 1033 4283 ad
1061 4210 1283 4283 densitatem
1311 4210 1423 4282 fluidi.
1497 4210 1597 4283 Nam
1623 4210 1757 4308 globus

297 4344 464 4425 tempore
482 4354 589 4401 casus
606 4329 672 4414 sui,
688 4355 771 4401 cum
790 4326 985 4401 velocitate
1004 4326 1172 4399 cadendo
1190 4327 1378 4423 acquisita,
1394 4327 1579 4400 describet
1596 4328 1756 4422 spatium
1798 4399 1817 4428 0

297 4445 399 4539 quod
434 4445 504 4517 erit
537 4446 585 4516 ad
629 4462 713 4518 octo
757 4445 882 4518 tertias
925 4445 1095 4517 diametri
1139 4470 1226 4529 suae,
1271 4459 1313 4517 ut
1355 4445 1520 4516 densitas
1563 4441 1664 4541 globi
1708 4446 1755 4515 ad

298 4560 521 4633 densitatem
550 4561 677 4635 fluidi:
718 4561 754 4635 81
783 4563 840 4634 vis
877 4562 1052 4658 ponderis
1080 4576 1222 4634 motum
1252 4561 1349 4633 hunc
1388 4585 1572 4658 generans
1608 4561 1676 4632 erit
1711 4561 1758 4632 ad

297 4679 374 4750 vim
418 4703 503 4773 quae
544 4693 685 4751 motum
727 4679 888 4752 eundem
929 4704 1108 4776 generare
1146 4678 1272 4774 possit,
1310 4704 1386 4774 quo
1421 4695 1588 4774 tempore
1622 4676 1757 4775 globus

297 4812 382 4870 octo
418 4796 544 4869 tertias
576 4797 745 4870 diametri
781 4823 858 4869 suec
894 4796 1025 4869 eadem
1061 4793 1255 4869 velocitate
1291 4795 1473 4881 describit,
1511 4812 1550 4868 ut
1593 4797 1757 4869 densitas
