<?xml version="1.0" encoding="UTF-8"?>
<!DOCTYPE html PUBLIC "-//W3C//DTD XHTML 1.0 Transitional//EN"
    "http://www.w3.org/TR/xhtml1/DTD/xhtml1-transitional.dtd">
<html xmlns="http://www.w3.org/1999/xhtml" xml:lang="en" lang="en">
 <head>
  <title>
</title>
<meta http-equiv="Content-Type" content="text/html;charset=utf-8" />
  <meta name='ocr-system' content='tesseract 3.04.00' />
  <meta name='ocr-capabilities' content='ocr_page ocr_carea ocr_par ocr_line ocrx_word'/>
</head>
<body>
  <div class='ocr_page' id='page_1' title='image "./sirisaacnewtons01newtgoog_0387.png"; bbox 0 0 4110 5782; ppageno 0'>
   <div class='ocr_carea' id='block_1_1' title="bbox 349 413 1374 511">
    <p class='ocr_par' dir='ltr' id='par_1_1' title="bbox 349 413 1374 511">
     <span class='ocr_line' id='line_1_1' title="bbox 349 413 1374 511; baseline -0.003 -37"><span class='ocrx_word' id='word_1_1' title='bbox 349 468 352 474; x_wconf 89' lang='grc'><em>,</em></span> <span class='ocrx_word' id='word_1_2' title='bbox 403 424 475 511; x_wconf 80' lang='lat'>346</span> <span class='ocrx_word' id='word_1_3' title='bbox 881 415 948 473; x_wconf 73' lang='lat' dir='ltr'>oa</span> <span class='ocrx_word' id='word_1_4' title='bbox 968 413 1106 474; x_wconf 83' lang='lat' dir='ltr'>Moru</span> <span class='ocrx_word' id='word_1_5' title='bbox 1122 413 1299 474; x_wconf 71' lang='lat' dir='ltr'>corpore</span> <span class='ocrx_word' id='word_1_6' title='bbox 1307 414 1374 472; x_wconf 76' lang='lat' dir='ltr'>un</span> 
     </span>
    </p>
   </div>
   <div class='ocr_carea' id='block_1_2' title="bbox 401 604 1956 4790">
    <p class='ocr_par' dir='ltr' id='par_1_2' title="bbox 401 604 1860 1877">
     <span class='ocr_line' id='line_1_2' title="bbox 401 604 1856 709; baseline -0.005 -22"><span class='ocrx_word' id='word_1_7' title='bbox 401 611 659 709; x_wconf 86' lang='lat' dir='ltr'>vasligneum</span> <span class='ocrx_word' id='word_1_8' title='bbox 686 609 917 705; x_wconf 87' lang='lat' dir='ltr'>quadratum,</span> <span class='ocrx_word' id='word_1_9' title='bbox 944 604 1176 704; x_wconf 84' lang='lat' dir='ltr'><strong>longitudine</strong></span> <span class='ocrx_word' id='word_1_10' title='bbox 1208 605 1459 680; x_wconf 84' lang='lat' dir='ltr'>&amp;latitudine</span> <span class='ocrx_word' id='word_1_11' title='bbox 1487 607 1630 680; x_wconf 89' lang='lat' dir='ltr'>interna</span> <span class='ocrx_word' id='word_1_12' title='bbox 1656 608 1856 705; x_wconf 83' lang='lat' dir='ltr'>digitorum</span> 
     </span>
     <span class='ocr_line' id='line_1_3' title="bbox 402 724 1856 826; baseline -0.001 -23"><span class='ocrx_word' id='word_1_13' title='bbox 402 755 537 803; x_wconf 92' lang='lat' dir='ltr'>novem</span> <span class='ocrx_word' id='word_1_14' title='bbox 564 727 671 824; x_wconf 90' lang='lat' dir='ltr'>pedis</span> <span class='ocrx_word' id='word_1_15' title='bbox 697 727 948 826; x_wconf 52' lang='lat' dir='ltr'>Londinensis.</span> <span class='ocrx_word' id='word_1_16' title='bbox 976 724 1226 821; x_wconf 87' lang='lat' dir='ltr'><strong>profunditate</strong></span> <span class='ocrx_word' id='word_1_17' title='bbox 1252 726 1390 822; x_wconf 91' lang='lat' dir='ltr'>pedum</span> <span class='ocrx_word' id='word_1_18' title='bbox 1418 752 1553 800; x_wconf 89' lang='lat' dir='ltr'>novem</span> <span class='ocrx_word' id='word_1_19' title='bbox 1580 754 1664 800; x_wconf 92' lang='lat' dir='ltr'>cum</span> <span class='ocrx_word' id='word_1_20' title='bbox 1691 731 1856 814; x_wconf 86' lang='lat' dir='ltr'>semisse,</span> 
     </span>
     <span class='ocr_line' id='line_1_4' title="bbox 403 828 1858 941; baseline -0.001 -22"><span class='ocrx_word' id='word_1_21' title='bbox 403 847 577 941; x_wconf 88' lang='lat' dir='ltr'>idemque</span> <span class='ocrx_word' id='word_1_22' title='bbox 620 841 770 938; x_wconf 93' lang='lat' dir='ltr'>implevi</span> <span class='ocrx_word' id='word_1_23' title='bbox 814 828 911 938; x_wconf 86' lang='lat' dir='ltr'>aqua</span> <span class='ocrx_word' id='word_1_24' title='bbox 953 840 1125 938; x_wconf 89' lang='lat' dir='ltr'>pluviali;</span> <span class='ocrx_word' id='word_1_25' title='bbox 1170 841 1206 915; x_wconf 73' lang='lat'>81</span> <span class='ocrx_word' id='word_1_26' title='bbox 1248 840 1370 940; x_wconf 85' lang='lat' dir='ltr'>globis</span> <span class='ocrx_word' id='word_1_27' title='bbox 1412 869 1460 916; x_wconf 85' lang='lat' dir='ltr'>ex</span> <span class='ocrx_word' id='word_1_28' title='bbox 1503 869 1586 916; x_wconf 90' lang='lat' dir='ltr'>cera</span> <span class='ocrx_word' id='word_1_29' title='bbox 1630 844 1666 917; x_wconf 67' lang='lat'>81</span> <span class='ocrx_word' id='word_1_30' title='bbox 1705 845 1858 941; x_wconf 94' lang='lat' dir='ltr'>plumbo</span> 
     </span>
     <span class='ocr_line' id='line_1_5' title="bbox 403 958 1858 1059; baseline -0.001 -23"><span class='ocrx_word' id='word_1_31' title='bbox 403 961 543 1036; x_wconf 91' lang='lat' dir='ltr'>incluso</span> <span class='ocrx_word' id='word_1_32' title='bbox 585 961 760 1047; x_wconf 87' lang='lat' dir='ltr'>formatis,</span> <span class='ocrx_word' id='word_1_33' title='bbox 800 960 926 1033; x_wconf 86' lang='lat' dir='ltr'>notavi</span> <span class='ocrx_word' id='word_1_34' title='bbox 970 975 1138 1053; x_wconf 85' lang='lat' dir='ltr'>tempora</span> <span class='ocrx_word' id='word_1_35' title='bbox 1180 959 1381 1032; x_wconf 86' lang='lat' dir='ltr'>descensus</span> <span class='ocrx_word' id='word_1_36' title='bbox 1423 958 1629 1059; x_wconf 92' lang='lat' dir='ltr'>globorum,</span> <span class='ocrx_word' id='word_1_37' title='bbox 1674 964 1858 1036; x_wconf 86' lang='lat' dir='ltr'>existente</span> 
     </span>
     <span class='ocr_line' id='line_1_6' title="bbox 403 1074 1858 1172; baseline -0.002 -19"><span class='ocrx_word' id='word_1_38' title='bbox 403 1081 604 1153; x_wconf 86' lang='lat' dir='ltr'>descensus</span> <span class='ocrx_word' id='word_1_39' title='bbox 639 1074 832 1150; x_wconf 84' lang='lat' dir='ltr'>altitudine</span> <span class='ocrx_word' id='word_1_40' title='bbox 872 1101 937 1148; x_wconf 87' lang='lat'>112</span> <span class='ocrx_word' id='word_1_41' title='bbox 975 1076 1176 1172; x_wconf 85' lang='lat' dir='ltr'>digitorum</span> <span class='ocrx_word' id='word_1_42' title='bbox 1219 1077 1335 1171; x_wconf 90' lang='lat' dir='ltr'>pedis.</span> <span class='ocrx_word' id='word_1_43' title='bbox 1418 1079 1488 1151; x_wconf 91' lang='lat' dir='ltr'>Pes</span> <span class='ocrx_word' id='word_1_44' title='bbox 1523 1078 1664 1151; x_wconf 91' lang='lat' dir='ltr'>solidus</span> <span class='ocrx_word' id='word_1_45' title='bbox 1708 1080 1858 1152; x_wconf 91' lang='lat' dir='ltr'>cubicus</span> 
     </span>
     <span class='ocr_line' id='line_1_7' title="bbox 402 1189 1858 1291; baseline -0.001 -23"><span class='ocrx_word' id='word_1_46' title='bbox 402 1193 648 1268; x_wconf 80' lang='lat' dir='ltr'>Londz&#39;nensz&#39;s</span> <span class='ocrx_word' id='word_1_47' title='bbox 681 1192 845 1265; x_wconf 90' lang='lat' dir='ltr'>continet</span> <span class='ocrx_word' id='word_1_48' title='bbox 882 1198 927 1284; x_wconf 85' lang='lat'>76</span> <span class='ocrx_word' id='word_1_49' title='bbox 961 1189 1073 1263; x_wconf 87' lang='lat' dir='ltr'>libras</span> <span class='ocrx_word' id='word_1_50' title='bbox 1106 1192 1297 1264; x_wconf 67' lang='lat' dir='ltr'>Romanas</span> <span class='ocrx_word' id='word_1_51' title='bbox 1330 1218 1437 1288; x_wconf 86' lang='lat' dir='ltr'>aquae</span> <span class='ocrx_word' id='word_1_52' title='bbox 1468 1192 1647 1289; x_wconf 92' lang='lat' dir='ltr'>pluvialis,</span> <span class='ocrx_word' id='word_1_53' title='bbox 1681 1193 1717 1267; x_wconf 79' lang='lat' dir='ltr'>8c</span> <span class='ocrx_word' id='word_1_54' title='bbox 1751 1195 1858 1291; x_wconf 91' lang='lat' dir='ltr'>pedis</span> 
     </span>
     <span class='ocr_line' id='line_1_8' title="bbox 403 1306 1857 1409; baseline -0.001 -24"><span class='ocrx_word' id='word_1_55' title='bbox 403 1313 513 1409; x_wconf 91' lang='lat' dir='ltr'>hujus</span> <span class='ocrx_word' id='word_1_56' title='bbox 539 1310 676 1407; x_wconf 84' lang='lat' dir='ltr'>digitus</span> <span class='ocrx_word' id='word_1_57' title='bbox 702 1306 842 1381; x_wconf 90' lang='lat' dir='ltr'>solidus</span> <span class='ocrx_word' id='word_1_58' title='bbox 869 1309 1033 1381; x_wconf 91' lang='lat' dir='ltr'>continet</span> <span class='ocrx_word' id='word_1_59' title='bbox 1049 1318 1090 1398; x_wconf 52' lang='grc' dir='ltr'>ἐξ</span> <span class='ocrx_word' id='word_1_60' title='bbox 1106 1309 1233 1381; x_wconf 88' lang='lat' dir='ltr'>uncias</span> <span class='ocrx_word' id='word_1_61' title='bbox 1259 1306 1363 1382; x_wconf 83' lang='lat' dir='ltr'>librae</span> <span class='ocrx_word' id='word_1_62' title='bbox 1389 1310 1497 1407; x_wconf 91' lang='lat' dir='ltr'>hujus</span> <span class='ocrx_word' id='word_1_63' title='bbox 1521 1336 1587 1383; x_wconf 91' lang='lat' dir='ltr'>seu</span> <span class='ocrx_word' id='word_1_64' title='bbox 1605 1336 1721 1408; x_wconf 90' lang='lat' dir='ltr'>grana</span> <span class='ocrx_word' id='word_1_65' title='bbox 1741 1336 1759 1382; x_wconf 89' lang='lat'>2</span> <span class='ocrx_word' id='word_1_66' title='bbox 1767 1333 1785 1404; x_wconf 85' lang='lat'>5</span> <span class='ocrx_word' id='word_1_67' title='bbox 1792 1321 1857 1404; x_wconf 56' lang='lat'>32¹;;</span> 
     </span>
     <span class='ocr_line' id='line_1_9' title="bbox 404 1418 1859 1526; baseline -0.001 -24"><span class='ocrx_word' id='word_1_68' title='bbox 404 1428 440 1502; x_wconf 80' lang='lat' dir='ltr'>8c</span> <span class='ocrx_word' id='word_1_69' title='bbox 469 1426 603 1526; x_wconf 87' lang='lat' dir='ltr'>globus</span> <span class='ocrx_word' id='word_1_70' title='bbox 630 1451 771 1521; x_wconf 91' lang='lat' dir='ltr'>aqueus</span> <span class='ocrx_word' id='word_1_71' title='bbox 802 1425 983 1499; x_wconf 90' lang='lat' dir='ltr'>diametro</span> <span class='ocrx_word' id='word_1_72' title='bbox 1017 1418 1124 1523; x_wconf 91' lang='lat' dir='ltr'>digiti</span> <span class='ocrx_word' id='word_1_73' title='bbox 1159 1425 1269 1497; x_wconf 91' lang='lat' dir='ltr'>unius</span> <span class='ocrx_word' id='word_1_74' title='bbox 1303 1426 1510 1522; x_wconf 89' lang='lat' dir='ltr'>descriptus</span> <span class='ocrx_word' id='word_1_75' title='bbox 1545 1428 1709 1500; x_wconf 87' lang='lat' dir='ltr'>continet</span> <span class='ocrx_word' id='word_1_76' title='bbox 1741 1453 1859 1525; x_wconf 85' lang='lat' dir='ltr'>grana</span> 
     </span>
     <span class='ocr_line' id='line_1_10' title="bbox 409 1541 1860 1641; baseline 0.001 -23"><span class='ocrx_word' id='word_1_77' title='bbox 409 1551 565 1640; x_wconf 84' lang='lat'>132,645</span> <span class='ocrx_word' id='word_1_78' title='bbox 586 1544 622 1617; x_wconf 92' lang='lat' dir='ltr'>in</span> <span class='ocrx_word' id='word_1_79' title='bbox 641 1544 765 1616; x_wconf 88' lang='lat' dir='ltr'>medio</span> <span class='ocrx_word' id='word_1_80' title='bbox 782 1544 887 1628; x_wconf 89' lang='lat' dir='ltr'>aeris,</span> <span class='ocrx_word' id='word_1_81' title='bbox 906 1541 966 1616; x_wconf 89' lang='lat' dir='ltr'>vel</span> <span class='ocrx_word' id='word_1_82' title='bbox 992 1568 1110 1640; x_wconf 86' lang='lat' dir='ltr'>grana</span> <span class='ocrx_word' id='word_1_83' title='bbox 1141 1546 1245 1635; x_wconf 86' lang='lat'>132‚8</span> <span class='ocrx_word' id='word_1_84' title='bbox 1266 1543 1302 1614; x_wconf 91' lang='lat' dir='ltr'>in</span> <span class='ocrx_word' id='word_1_85' title='bbox 1328 1568 1470 1631; x_wconf 89' lang='lat' dir='ltr'>vacuo;</span> <span class='ocrx_word' id='word_1_86' title='bbox 1498 1541 1686 1639; x_wconf 77' lang='lat' dir='ltr'>&amp;globus</span> <span class='ocrx_word' id='word_1_87' title='bbox 1704 1545 1860 1641; x_wconf 91' lang='lat' dir='ltr'>quilibet</span> 
     </span>
     <span class='ocr_line' id='line_1_11' title="bbox 404 1659 1858 1761; baseline -0.001 -25"><span class='ocrx_word' id='word_1_88' title='bbox 404 1662 497 1738; x_wconf 91' lang='lat' dir='ltr'>alius</span> <span class='ocrx_word' id='word_1_89' title='bbox 527 1677 585 1736; x_wconf 91' lang='lat' dir='ltr'>est</span> <span class='ocrx_word' id='word_1_90' title='bbox 611 1676 653 1733; x_wconf 92' lang='lat' dir='ltr'>ut</span> <span class='ocrx_word' id='word_1_91' title='bbox 679 1685 854 1734; x_wconf 85' lang='lat' dir='ltr'>excessus</span> <span class='ocrx_word' id='word_1_92' title='bbox 873 1659 1059 1755; x_wconf 89' lang='lat' dir='ltr'>ponderis</span> <span class='ocrx_word' id='word_1_93' title='bbox 1088 1660 1167 1757; x_wconf 87' lang='lat' dir='ltr'>ejus</span> <span class='ocrx_word' id='word_1_94' title='bbox 1195 1660 1231 1732; x_wconf 91' lang='lat' dir='ltr'>in</span> <span class='ocrx_word' id='word_1_95' title='bbox 1258 1685 1377 1732; x_wconf 89' lang='lat' dir='ltr'>vacuo</span> <span class='ocrx_word' id='word_1_96' title='bbox 1403 1686 1516 1756; x_wconf 85' lang='lat' dir='ltr'>supra</span> <span class='ocrx_word' id='word_1_97' title='bbox 1541 1662 1689 1757; x_wconf 89' lang='lat' dir='ltr'>pondus</span> <span class='ocrx_word' id='word_1_98' title='bbox 1715 1663 1795 1761; x_wconf 86' lang='lat' dir='ltr'>ejus</span> <span class='ocrx_word' id='word_1_99' title='bbox 1822 1665 1858 1735; x_wconf 94' lang='lat' dir='ltr'>in</span> 
     </span>
     <span class='ocr_line' id='line_1_12' title="bbox 403 1787 1551 1877; baseline -0.002 -23"><span class='ocrx_word' id='word_1_100' title='bbox 403 1805 510 1877; x_wconf 89' lang='lat' dir='ltr'>aqua.</span> <span class='ocrx_word' id='word_1_101' title='bbox 1548 1787 1551 1791; x_wconf 78' lang='grc'><strong><em>’</em></strong></span> 
     </span>
    </p>

    <p class='ocr_par' dir='ltr' id='par_1_3' title="bbox 405 1892 1919 2437">
     <span class='ocr_line' id='line_1_13' title="bbox 471 1892 1859 1995; baseline -0.002 -23"><span class='ocrx_word' id='word_1_102' title='bbox 471 1900 609 1995; x_wconf 80' lang='lat' dir='ltr'>Exper.</span> <span class='ocrx_word' id='word_1_103' title='bbox 644 1919 671 1968; x_wconf 91' lang='lat'>1.</span> <span class='ocrx_word' id='word_1_104' title='bbox 702 1892 856 1980; x_wconf 89' lang='lat' dir='ltr'>Globus‚</span> <span class='ocrx_word' id='word_1_105' title='bbox 888 1893 992 1991; x_wconf 88' lang='lat' dir='ltr'>cujus</span> <span class='ocrx_word' id='word_1_106' title='bbox 1023 1893 1169 1989; x_wconf 90' lang='lat' dir='ltr'>pondus</span> <span class='ocrx_word' id='word_1_107' title='bbox 1196 1908 1275 1967; x_wconf 85' lang='lat' dir='ltr'>erat</span> <span class='ocrx_word' id='word_1_108' title='bbox 1306 1900 1396 1986; x_wconf 68' lang='lat'>156}</span> <span class='ocrx_word' id='word_1_109' title='bbox 1420 1919 1620 1992; x_wconf 88' lang='lat' dir='ltr'>granorum</span> <span class='ocrx_word' id='word_1_110' title='bbox 1648 1896 1684 1968; x_wconf 91' lang='lat' dir='ltr'>in</span> <span class='ocrx_word' id='word_1_111' title='bbox 1710 1922 1796 1970; x_wconf 91' lang='lat' dir='ltr'>aere</span> <span class='ocrx_word' id='word_1_112' title='bbox 1823 1896 1859 1969; x_wconf 70' lang='grc' dir='ltr'>ἃ</span> 
     </span>
     <span class='ocr_line' id='line_1_14' title="bbox 409 1998 1919 2111; baseline 0.001 -26"><span class='ocrx_word' id='word_1_113' title='bbox 409 2034 453 2107; x_wconf 91' lang='lat'>77</span> <span class='ocrx_word' id='word_1_114' title='bbox 483 2037 682 2111; x_wconf 89' lang='lat' dir='ltr'>granorum</span> <span class='ocrx_word' id='word_1_115' title='bbox 718 2012 755 2083; x_wconf 93' lang='lat' dir='ltr'>in</span> <span class='ocrx_word' id='word_1_116' title='bbox 789 2036 898 2107; x_wconf 84' lang='lat' dir='ltr'>aqua,</span> <span class='ocrx_word' id='word_1_117' title='bbox 929 2009 1162 2084; x_wconf 89' lang='lat' dir='ltr'>altitudinem</span> <span class='ocrx_word' id='word_1_118' title='bbox 1197 2023 1314 2084; x_wconf 88' lang='lat' dir='ltr'>totam</span> <span class='ocrx_word' id='word_1_119' title='bbox 1349 2011 1549 2108; x_wconf 87' lang='lat' dir='ltr'>digitorum</span> <span class='ocrx_word' id='word_1_120' title='bbox 1590 2037 1655 2084; x_wconf 91' lang='lat'>112</span> <span class='ocrx_word' id='word_1_121' title='bbox 1693 2029 1861 2109; x_wconf 91' lang='lat' dir='ltr'>tempore</span> <span class='ocrx_word' id='word_1_122' title='bbox 1916 1998 1919 2002; x_wconf 43' lang='grc'>’</span> 
     </span>
     <span class='ocr_line' id='line_1_15' title="bbox 408 2127 1859 2226; baseline 0.001 -23"><span class='ocrx_word' id='word_1_123' title='bbox 408 2131 632 2204; x_wconf 92' lang='lat' dir='ltr'>minutorum</span> <span class='ocrx_word' id='word_1_124' title='bbox 663 2144 822 2225; x_wconf 90' lang='lat' dir='ltr'>quatuor</span> <span class='ocrx_word' id='word_1_125' title='bbox 855 2128 1103 2201; x_wconf 91' lang='lat' dir='ltr'>secundorum</span> <span class='ocrx_word' id='word_1_126' title='bbox 1130 2127 1334 2223; x_wconf 88' lang='lat' dir='ltr'>descripsit.</span> <span class='ocrx_word' id='word_1_127' title='bbox 1392 2129 1444 2200; x_wconf 89' lang='lat' dir='ltr'>Et</span> <span class='ocrx_word' id='word_1_128' title='bbox 1469 2130 1726 2224; x_wconf 87' lang='lat' dir='ltr'>experimento</span> <span class='ocrx_word' id='word_1_129' title='bbox 1756 2156 1859 2226; x_wconf 90' lang='lat' dir='ltr'>repe-</span> 
     </span>
     <span class='ocr_line' id='line_1_16' title="bbox 406 2243 1862 2344; baseline -0.001 -24"><span class='ocrx_word' id='word_1_130' title='bbox 406 2248 484 2333; x_wconf 90' lang='lat' dir='ltr'>tito,</span> <span class='ocrx_word' id='word_1_131' title='bbox 527 2244 661 2344; x_wconf 88' lang='lat' dir='ltr'>globus</span> <span class='ocrx_word' id='word_1_132' title='bbox 697 2245 829 2318; x_wconf 92' lang='lat' dir='ltr'>iterum</span> <span class='ocrx_word' id='word_1_133' title='bbox 872 2244 1005 2317; x_wconf 90' lang='lat' dir='ltr'>cecidit</span> <span class='ocrx_word' id='word_1_134' title='bbox 1047 2243 1181 2316; x_wconf 92' lang='lat' dir='ltr'>eodem</span> <span class='ocrx_word' id='word_1_135' title='bbox 1224 2257 1392 2338; x_wconf 90' lang='lat' dir='ltr'>tempore</span> <span class='ocrx_word' id='word_1_136' title='bbox 1435 2243 1660 2317; x_wconf 91' lang='lat' dir='ltr'>minutorum</span> <span class='ocrx_word' id='word_1_137' title='bbox 1703 2262 1862 2342; x_wconf 92' lang='lat' dir='ltr'>quatuor</span> 
     </span>
     <span class='ocr_line' id='line_1_17' title="bbox 405 2363 662 2437; baseline -0.016 0"><span class='ocrx_word' id='word_1_138' title='bbox 405 2363 662 2437; x_wconf 88' lang='lat' dir='ltr'>secundorum.</span> 
     </span>
    </p>

    <p class='ocr_par' dir='ltr' id='par_1_4' title="bbox 405 2472 1956 4790">
     <span class='ocr_line' id='line_1_18' title="bbox 476 2472 1861 2574; baseline -0.002 -23"><span class='ocrx_word' id='word_1_139' title='bbox 476 2478 626 2553; x_wconf 89' lang='lat' dir='ltr'>Pondus</span> <span class='ocrx_word' id='word_1_140' title='bbox 643 2475 745 2574; x_wconf 91' lang='lat' dir='ltr'>globi</span> <span class='ocrx_word' id='word_1_141' title='bbox 763 2475 800 2547; x_wconf 91' lang='lat' dir='ltr'>in</span> <span class='ocrx_word' id='word_1_142' title='bbox 818 2500 937 2547; x_wconf 89' lang='lat' dir='ltr'>vacuo</span> <span class='ocrx_word' id='word_1_143' title='bbox 955 2489 1013 2546; x_wconf 92' lang='lat' dir='ltr'>est</span> <span class='ocrx_word' id='word_1_144' title='bbox 1035 2480 1145 2566; x_wconf 48' lang='lat'>1563}</span> <span class='ocrx_word' id='word_1_145' title='bbox 1163 2498 1275 2570; x_wconf 78' lang='lat' dir='ltr'>gran.</span> <span class='ocrx_word' id='word_1_146' title='bbox 1296 2472 1333 2546; x_wconf 86' lang='lat'>&amp;</span> <span class='ocrx_word' id='word_1_147' title='bbox 1358 2498 1533 2547; x_wconf 87' lang='lat' dir='ltr'>excessus</span> <span class='ocrx_word' id='word_1_148' title='bbox 1559 2475 1668 2572; x_wconf 91' lang='lat' dir='ltr'>hujus</span> <span class='ocrx_word' id='word_1_149' title='bbox 1685 2477 1861 2572; x_wconf 91' lang='lat' dir='ltr'>ponderis</span> 
     </span>
     <span class='ocr_line' id='line_1_19' title="bbox 406 2588 1861 2691; baseline -0.004 -23"><span class='ocrx_word' id='word_1_150' title='bbox 406 2621 520 2691; x_wconf 89' lang='lat' dir='ltr'>supra</span> <span class='ocrx_word' id='word_1_151' title='bbox 553 2593 699 2690; x_wconf 90' lang='lat' dir='ltr'>pondus</span> <span class='ocrx_word' id='word_1_152' title='bbox 732 2588 833 2688; x_wconf 90' lang='lat' dir='ltr'>globi</span> <span class='ocrx_word' id='word_1_153' title='bbox 869 2591 906 2662; x_wconf 92' lang='lat' dir='ltr'>in</span> <span class='ocrx_word' id='word_1_154' title='bbox 940 2614 1039 2685; x_wconf 89' lang='lat' dir='ltr'>aqua</span> <span class='ocrx_word' id='word_1_155' title='bbox 1072 2604 1131 2661; x_wconf 88' lang='lat' dir='ltr'>est</span> <span class='ocrx_word' id='word_1_156' title='bbox 1168 2596 1255 2681; x_wconf 56' lang='lat'>793}</span> <span class='ocrx_word' id='word_1_157' title='bbox 1282 2603 1398 2684; x_wconf 79' lang='lat' dir='ltr'>gran.</span> <span class='ocrx_word' id='word_1_158' title='bbox 1455 2589 1570 2662; x_wconf 92' lang='lat' dir='ltr'>Unde</span> <span class='ocrx_word' id='word_1_159' title='bbox 1600 2591 1726 2686; x_wconf 92' lang='lat' dir='ltr'>prodit</span> <span class='ocrx_word' id='word_1_160' title='bbox 1758 2589 1861 2688; x_wconf 87' lang='lat' dir='ltr'>globi</span> 
     </span>
     <span class='ocr_line' id='line_1_20' title="bbox 406 2703 1861 2802; baseline -0.004 -17"><span class='ocrx_word' id='word_1_161' title='bbox 406 2712 589 2784; x_wconf 88' lang='lat' dir='ltr'>diameter</span> <span class='ocrx_word' id='word_1_162' title='bbox 621 2712 782 2799; x_wconf 86' lang='lat'><strong>0,84224</strong></span> <span class='ocrx_word' id='word_1_163' title='bbox 817 2705 977 2802; x_wconf 88' lang='lat' dir='ltr'>partium</span> <span class='ocrx_word' id='word_1_164' title='bbox 1012 2703 1128 2802; x_wconf 88' lang='lat' dir='ltr'>digiti.</span> <span class='ocrx_word' id='word_1_165' title='bbox 1186 2704 1258 2776; x_wconf 92' lang='lat' dir='ltr'>Est</span> <span class='ocrx_word' id='word_1_166' title='bbox 1291 2720 1415 2776; x_wconf 90' lang='lat' dir='ltr'>autem</span> <span class='ocrx_word' id='word_1_167' title='bbox 1451 2719 1493 2777; x_wconf 93' lang='lat' dir='ltr'>ut</span> <span class='ocrx_word' id='word_1_168' title='bbox 1523 2731 1697 2779; x_wconf 88' lang='lat' dir='ltr'>excessus</span> <span class='ocrx_word' id='word_1_169' title='bbox 1725 2706 1785 2780; x_wconf 92' lang='lat' dir='ltr'>ille</span> <span class='ocrx_word' id='word_1_170' title='bbox 1812 2707 1861 2779; x_wconf 89' lang='lat' dir='ltr'>ad</span> 
     </span>
     <span class='ocr_line' id='line_1_21' title="bbox 407 2823 1862 2925; baseline -0.001 -24"><span class='ocrx_word' id='word_1_171' title='bbox 407 2829 554 2925; x_wconf 90' lang='lat' dir='ltr'>pondus</span> <span class='ocrx_word' id='word_1_172' title='bbox 580 2825 682 2925; x_wconf 88' lang='lat' dir='ltr'>globi</span> <span class='ocrx_word' id='word_1_173' title='bbox 711 2826 747 2898; x_wconf 92' lang='lat' dir='ltr'>in</span> <span class='ocrx_word' id='word_1_174' title='bbox 775 2850 903 2909; x_wconf 92' lang='lat' dir='ltr'>vacuo,</span> <span class='ocrx_word' id='word_1_175' title='bbox 933 2825 984 2896; x_wconf 90' lang='lat' dir='ltr'>ita</span> <span class='ocrx_word' id='word_1_176' title='bbox 1011 2823 1176 2895; x_wconf 85' lang='lat' dir='ltr'>densitas</span> <span class='ocrx_word' id='word_1_177' title='bbox 1206 2848 1314 2918; x_wconf 85' lang='lat' dir='ltr'>aquae</span> <span class='ocrx_word' id='word_1_178' title='bbox 1349 2823 1397 2895; x_wconf 87' lang='lat' dir='ltr'>ad</span> <span class='ocrx_word' id='word_1_179' title='bbox 1426 2823 1647 2898; x_wconf 88' lang='lat' dir='ltr'>densitatem</span> <span class='ocrx_word' id='word_1_180' title='bbox 1681 2824 1792 2924; x_wconf 87' lang='lat' dir='ltr'>globi,</span> <span class='ocrx_word' id='word_1_181' title='bbox 1825 2826 1862 2900; x_wconf 86' lang='lat'>&amp;</span> 
     </span>
     <span class='ocr_line' id='line_1_22' title="bbox 407 2939 1861 3041; baseline -0.001 -22"><span class='ocrx_word' id='word_1_182' title='bbox 407 2948 459 3019; x_wconf 90' lang='lat' dir='ltr'>ita</span> <span class='ocrx_word' id='word_1_183' title='bbox 484 2962 607 3041; x_wconf 86' lang='lat' dir='ltr'>partes</span> <span class='ocrx_word' id='word_1_184' title='bbox 634 2960 718 3018; x_wconf 92' lang='lat' dir='ltr'>octo</span> <span class='ocrx_word' id='word_1_185' title='bbox 743 2944 862 3016; x_wconf 89' lang='lat' dir='ltr'>tertiae</span> <span class='ocrx_word' id='word_1_186' title='bbox 888 2942 1058 3014; x_wconf 89' lang='lat' dir='ltr'>diametri</span> <span class='ocrx_word' id='word_1_187' title='bbox 1083 2939 1185 3037; x_wconf 90' lang='lat' dir='ltr'>globi</span> <span class='ocrx_word' id='word_1_188' title='bbox 1214 2939 1295 3039; x_wconf 76' lang='lat' dir='ltr'>(viz,</span> <span class='ocrx_word' id='word_1_189' title='bbox 1327 2961 1485 3033; x_wconf 85' lang='lat'><strong>2‚24597</strong></span> <span class='ocrx_word' id='word_1_190' title='bbox 1510 2941 1599 3038; x_wconf 70' lang='lat' dir='ltr'>dag.)</span> <span class='ocrx_word' id='word_1_191' title='bbox 1626 2944 1673 3015; x_wconf 90' lang='lat' dir='ltr'>ad</span> <span class='ocrx_word' id='word_1_192' title='bbox 1700 2946 1861 3039; x_wconf 90' lang='lat' dir='ltr'>spatium</span> 
     </span>
     <span class='ocr_line' id='line_1_23' title="bbox 410 3055 1862 3158; baseline -0.001 -22"><span class='ocrx_word' id='word_1_193' title='bbox 410 3065 488 3150; x_wconf 90' lang='lat' dir='ltr'>2F,</span> <span class='ocrx_word' id='word_1_194' title='bbox 516 3063 617 3158; x_wconf 92' lang='lat' dir='ltr'>quod</span> <span class='ocrx_word' id='word_1_195' title='bbox 643 3062 799 3158; x_wconf 92' lang='lat' dir='ltr'>proinde</span> <span class='ocrx_word' id='word_1_196' title='bbox 825 3061 895 3133; x_wconf 92' lang='lat' dir='ltr'>erit</span> <span class='ocrx_word' id='word_1_197' title='bbox 920 3065 1057 3152; x_wconf 84' lang='lat'><strong>4‚4256</strong></span> <span class='ocrx_word' id='word_1_198' title='bbox 1084 3058 1156 3154; x_wconf 70' lang='lat' dir='ltr'>dag.</span> <span class='ocrx_word' id='word_1_199' title='bbox 1229 3055 1374 3130; x_wconf 85' lang='lat' dir='ltr'>Globus</span> <span class='ocrx_word' id='word_1_200' title='bbox 1400 3073 1568 3153; x_wconf 92' lang='lat' dir='ltr'>tempore</span> <span class='ocrx_word' id='word_1_201' title='bbox 1595 3061 1725 3133; x_wconf 90' lang='lat' dir='ltr'>minuti</span> <span class='ocrx_word' id='word_1_202' title='bbox 1752 3064 1862 3134; x_wconf 92' lang='lat' dir='ltr'>unius</span> 
     </span>
     <span class='ocr_line' id='line_1_24' title="bbox 407 3173 1864 3272; baseline -0.001 -20"><span class='ocrx_word' id='word_1_203' title='bbox 407 3180 570 3265; x_wconf 90' lang='lat' dir='ltr'>secundi,</span> <span class='ocrx_word' id='word_1_204' title='bbox 590 3193 669 3251; x_wconf 92' lang='lat' dir='ltr'>toto</span> <span class='ocrx_word' id='word_1_205' title='bbox 686 3203 753 3250; x_wconf 92' lang='lat' dir='ltr'>suo</span> <span class='ocrx_word' id='word_1_206' title='bbox 772 3176 936 3272; x_wconf 89' lang='lat' dir='ltr'>pondere</span> <span class='ocrx_word' id='word_1_207' title='bbox 949 3200 1149 3272; x_wconf 88' lang='lat' dir='ltr'>granorum</span> <span class='ocrx_word' id='word_1_208' title='bbox 1167 3190 1185 3244; x_wconf 71' lang='lat'>&#39;1</span> <span class='ocrx_word' id='word_1_209' title='bbox 1196 3180 1293 3266; x_wconf 51' lang='lat'><strong>5633,</strong></span> <span class='ocrx_word' id='word_1_210' title='bbox 1309 3173 1477 3246; x_wconf 82' lang='lat' dir='ltr'>cadendo</span> <span class='ocrx_word' id='word_1_211' title='bbox 1492 3175 1528 3246; x_wconf 93' lang='lat' dir='ltr'>in</span> <span class='ocrx_word' id='word_1_212' title='bbox 1542 3200 1661 3248; x_wconf 88' lang='lat' dir='ltr'>vacuo</span> <span class='ocrx_word' id='word_1_213' title='bbox 1678 3177 1864 3250; x_wconf 90' lang='lat' dir='ltr'>describet</span> 
     </span>
     <span class='ocr_line' id='line_1_25' title="bbox 407 3292 1863 3393; baseline -0.001 -25"><span class='ocrx_word' id='word_1_214' title='bbox 407 3295 545 3393; x_wconf 91' lang='lat' dir='ltr'>digitos</span> <span class='ocrx_word' id='word_1_215' title='bbox 595 3313 703 3391; x_wconf 45' lang='lat'>193315</span> <span class='ocrx_word' id='word_1_216' title='bbox 747 3292 783 3366; x_wconf 70' lang='grc' dir='ltr'>ἃ</span> <span class='ocrx_word' id='word_1_217' title='bbox 826 3293 992 3387; x_wconf 91' lang='lat' dir='ltr'>pondere</span> <span class='ocrx_word' id='word_1_218' title='bbox 1033 3316 1234 3388; x_wconf 90' lang='lat' dir='ltr'>granorum</span> <span class='ocrx_word' id='word_1_219' title='bbox 1283 3311 1337 3383; x_wconf 88' lang='lat'>77,</span> <span class='ocrx_word' id='word_1_220' title='bbox 1382 3293 1516 3365; x_wconf 88' lang='lat' dir='ltr'>eodem</span> <span class='ocrx_word' id='word_1_221' title='bbox 1561 3308 1736 3388; x_wconf 89' lang='lat' dir='ltr'>tempore,</span> <span class='ocrx_word' id='word_1_222' title='bbox 1782 3295 1863 3366; x_wconf 90' lang='lat' dir='ltr'>sine</span> 
     </span>
     <span class='ocr_line' id='line_1_26' title="bbox 408 3406 1864 3506; baseline -0.002 -20"><span class='ocrx_word' id='word_1_223' title='bbox 408 3411 616 3486; x_wconf 88' lang='lat' dir='ltr'>resistentia</span> <span class='ocrx_word' id='word_1_224' title='bbox 646 3409 814 3483; x_wconf 91' lang='lat' dir='ltr'>cadendo</span> <span class='ocrx_word' id='word_1_225' title='bbox 845 3409 881 3481; x_wconf 92' lang='lat' dir='ltr'>in</span> <span class='ocrx_word' id='word_1_226' title='bbox 912 3433 1009 3504; x_wconf 89' lang='lat' dir='ltr'>aqua</span> <span class='ocrx_word' id='word_1_227' title='bbox 1043 3406 1218 3480; x_wconf 90' lang='lat' dir='ltr'>describit</span> <span class='ocrx_word' id='word_1_228' title='bbox 1251 3407 1388 3504; x_wconf 90' lang='lat' dir='ltr'>digitos</span> <span class='ocrx_word' id='word_1_229' title='bbox 1424 3429 1579 3500; x_wconf 85' lang='lat'>95,219;</span> <span class='ocrx_word' id='word_1_230' title='bbox 1624 3408 1660 3482; x_wconf 70' lang='grc' dir='ltr'>ἃ</span> <span class='ocrx_word' id='word_1_231' title='bbox 1695 3425 1864 3506; x_wconf 90' lang='lat' dir='ltr'>tempore</span> 
     </span>
     <span class='ocr_line' id='line_1_27' title="bbox 409 3523 1864 3626; baseline -0.003 -23"><span class='ocrx_word' id='word_1_232' title='bbox 409 3531 457 3621; x_wconf 85' lang='lat' dir='ltr'>G,</span> <span class='ocrx_word' id='word_1_233' title='bbox 485 3529 587 3626; x_wconf 91' lang='lat' dir='ltr'>quod</span> <span class='ocrx_word' id='word_1_234' title='bbox 615 3529 663 3601; x_wconf 91' lang='lat' dir='ltr'>sit</span> <span class='ocrx_word' id='word_1_235' title='bbox 692 3527 740 3599; x_wconf 87' lang='lat' dir='ltr'>ad</span> <span class='ocrx_word' id='word_1_236' title='bbox 769 3527 950 3598; x_wconf 92' lang='lat' dir='ltr'>minutum</span> <span class='ocrx_word' id='word_1_237' title='bbox 981 3549 1096 3596; x_wconf 91' lang='lat' dir='ltr'>unum</span> <span class='ocrx_word' id='word_1_238' title='bbox 1124 3524 1328 3597; x_wconf 91' lang='lat' dir='ltr'>secundum</span> <span class='ocrx_word' id='word_1_239' title='bbox 1365 3523 1402 3595; x_wconf 92' lang='lat' dir='ltr'>in</span> <span class='ocrx_word' id='word_1_240' title='bbox 1428 3523 1686 3619; x_wconf 88' lang='lat' dir='ltr'>subduplicata</span> <span class='ocrx_word' id='word_1_241' title='bbox 1721 3525 1864 3598; x_wconf 91' lang='lat' dir='ltr'>ratione</span> 
     </span>
     <span class='ocr_line' id='line_1_28' title="bbox 407 3635 1956 3743; baseline -0.004 -23"><span class='ocrx_word' id='word_1_242' title='bbox 407 3647 516 3743; x_wconf 89' lang='lat' dir='ltr'>spatii</span> <span class='ocrx_word' id='word_1_243' title='bbox 555 3646 586 3716; x_wconf 93' lang='lat' dir='ltr'>F</span> <span class='ocrx_word' id='word_1_244' title='bbox 621 3669 686 3717; x_wconf 90' lang='lat' dir='ltr'>seu</span> <span class='ocrx_word' id='word_1_245' title='bbox 724 3646 855 3729; x_wconf 86' lang='lat'>2‚2128</span> <span class='ocrx_word' id='word_1_246' title='bbox 890 3642 962 3738; x_wconf 70' lang='lat' dir='ltr'>dag.</span> <span class='ocrx_word' id='word_1_247' title='bbox 992 3641 1039 3713; x_wconf 87' lang='lat' dir='ltr'>ad</span> <span class='ocrx_word' id='word_1_248' title='bbox 1075 3663 1209 3733; x_wconf 87' lang='lat'>95,219</span> <span class='ocrx_word' id='word_1_249' title='bbox 1244 3641 1315 3737; x_wconf 69' lang='lat' dir='ltr'>dag.</span> <span class='ocrx_word' id='word_1_250' title='bbox 1345 3635 1528 3713; x_wconf 87' lang='lat' dir='ltr'>describet</span> <span class='ocrx_word' id='word_1_251' title='bbox 1565 3642 1795 3738; x_wconf 63' lang='lat' dir='ltr'>2,2128dzg.</span> <span class='ocrx_word' id='word_1_252' title='bbox 1827 3642 1863 3714; x_wconf 71' lang='grc' dir='ltr'>ἃ</span> <span class='ocrx_word' id='word_1_253' title='bbox 1953 3660 1956 3665; x_wconf 81' lang='grc'>’</span> 
     </span>
     <span class='ocr_line' id='line_1_29' title="bbox 408 3759 1861 3856; baseline -0.001 -19"><span class='ocrx_word' id='word_1_254' title='bbox 408 3762 642 3837; x_wconf 88' lang='lat' dir='ltr'>velocitatem</span> <span class='ocrx_word' id='word_1_255' title='bbox 660 3760 860 3833; x_wconf 86' lang='lat' dir='ltr'>maximam</span> <span class='ocrx_word' id='word_1_256' title='bbox 878 3759 916 3831; x_wconf 92' lang='lat' dir='ltr'>H</span> <span class='ocrx_word' id='word_1_257' title='bbox 937 3760 1102 3855; x_wconf 87' lang='lat' dir='ltr'>acquiret</span> <span class='ocrx_word' id='word_1_258' title='bbox 1119 3786 1278 3856; x_wconf 87' lang='lat' dir='ltr'>quacum</span> <span class='ocrx_word' id='word_1_259' title='bbox 1304 3775 1428 3855; x_wconf 92' lang='lat' dir='ltr'>potest</span> <span class='ocrx_word' id='word_1_260' title='bbox 1454 3760 1490 3830; x_wconf 93' lang='lat' dir='ltr'>in</span> <span class='ocrx_word' id='word_1_261' title='bbox 1509 3786 1606 3856; x_wconf 89' lang='lat' dir='ltr'>aqua</span> <span class='ocrx_word' id='word_1_262' title='bbox 1623 3762 1861 3836; x_wconf 90' lang='lat' dir='ltr'>descendere.</span> 
     </span>
     <span class='ocr_line' id='line_1_30' title="bbox 411 3876 1863 3978; baseline -0.001 -23"><span class='ocrx_word' id='word_1_263' title='bbox 411 3883 484 3955; x_wconf 91' lang='lat' dir='ltr'>Est</span> <span class='ocrx_word' id='word_1_264' title='bbox 526 3881 638 3978; x_wconf 90' lang='lat' dir='ltr'>igitur</span> <span class='ocrx_word' id='word_1_265' title='bbox 680 3894 827 3973; x_wconf 91' lang='lat' dir='ltr'>tempus</span> <span class='ocrx_word' id='word_1_266' title='bbox 873 3877 909 3949; x_wconf 86' lang='lat' dir='ltr'>G</span> <span class='ocrx_word' id='word_1_267' title='bbox 952 3876 1148 3968; x_wconf 87' lang='lat' dir='ltr'>o&#39;&#39;‚15244.</span> <span class='ocrx_word' id='word_1_268' title='bbox 1242 3877 1295 3948; x_wconf 92' lang='lat' dir='ltr'>Et</span> <span class='ocrx_word' id='word_1_269' title='bbox 1345 3876 1414 3948; x_wconf 96' lang='lat' dir='ltr'>hoc</span> <span class='ocrx_word' id='word_1_270' title='bbox 1466 3892 1634 3973; x_wconf 91' lang='lat' dir='ltr'>tempore</span> <span class='ocrx_word' id='word_1_271' title='bbox 1686 3880 1732 3964; x_wconf 88' lang='lat' dir='ltr'>G,</span> <span class='ocrx_word' id='word_1_272' title='bbox 1778 3906 1863 3953; x_wconf 91' lang='lat' dir='ltr'>cum</span> 
     </span>
     <span class='ocr_line' id='line_1_31' title="bbox 409 3990 1864 4091; baseline -0.003 -20"><span class='ocrx_word' id='word_1_273' title='bbox 409 3997 606 4071; x_wconf 91' lang='lat' dir='ltr'>velocitate</span> <span class='ocrx_word' id='word_1_274' title='bbox 634 3994 696 4068; x_wconf 93' lang='lat' dir='ltr'>illa</span> <span class='ocrx_word' id='word_1_275' title='bbox 723 3995 885 4067; x_wconf 85' lang='lat' dir='ltr'>maxima</span> <span class='ocrx_word' id='word_1_276' title='bbox 916 3993 967 4079; x_wconf 91' lang='lat' dir='ltr'>H,</span> <span class='ocrx_word' id='word_1_277' title='bbox 985 3990 1120 4090; x_wconf 90' lang='lat' dir='ltr'>globus</span> <span class='ocrx_word' id='word_1_278' title='bbox 1148 3993 1332 4066; x_wconf 90' lang='lat' dir='ltr'>describet</span> <span class='ocrx_word' id='word_1_279' title='bbox 1361 3993 1522 4088; x_wconf 90' lang='lat' dir='ltr'>spatium</span> <span class='ocrx_word' id='word_1_280' title='bbox 1553 4018 1571 4064; x_wconf 89' lang='lat'>2</span> <span class='ocrx_word' id='word_1_281' title='bbox 1605 3994 1635 4065; x_wconf 93' lang='lat' dir='ltr'>F</span> <span class='ocrx_word' id='word_1_282' title='bbox 1662 3994 1864 4091; x_wconf 90' lang='lat' dir='ltr'>digitorum</span> 
     </span>
     <span class='ocr_line' id='line_1_32' title="bbox 408 4109 1865 4208; baseline -0.001 -22"><span class='ocrx_word' id='word_1_283' title='bbox 408 4120 564 4208; x_wconf 84' lang='lat'><strong>4,4256;</strong></span> <span class='ocrx_word' id='word_1_284' title='bbox 592 4112 752 4207; x_wconf 92' lang='lat' dir='ltr'>ideoque</span> <span class='ocrx_word' id='word_1_285' title='bbox 779 4127 945 4206; x_wconf 92' lang='lat' dir='ltr'>tempore</span> <span class='ocrx_word' id='word_1_286' title='bbox 972 4109 1196 4182; x_wconf 91' lang='lat' dir='ltr'>minutorum</span> <span class='ocrx_word' id='word_1_287' title='bbox 1223 4123 1382 4205; x_wconf 91' lang='lat' dir='ltr'>quatuor</span> <span class='ocrx_word' id='word_1_288' title='bbox 1406 4110 1653 4182; x_wconf 90' lang='lat' dir='ltr'>secundorum</span> <span class='ocrx_word' id='word_1_289' title='bbox 1680 4111 1865 4185; x_wconf 90' lang='lat' dir='ltr'>describet</span> 
     </span>
     <span class='ocr_line' id='line_1_33' title="bbox 407 4225 1864 4327; baseline -0.003 -24"><span class='ocrx_word' id='word_1_290' title='bbox 407 4231 568 4327; x_wconf 89' lang='lat' dir='ltr'>spatium</span> <span class='ocrx_word' id='word_1_291' title='bbox 603 4229 804 4326; x_wconf 91' lang='lat' dir='ltr'>digitorum</span> <span class='ocrx_word' id='word_1_292' title='bbox 845 4233 1035 4318; x_wconf 86' lang='lat'>116,1245.</span> <span class='ocrx_word' id='word_1_293' title='bbox 1107 4225 1344 4298; x_wconf 87' lang='lat' dir='ltr'>Subducatur</span> <span class='ocrx_word' id='word_1_294' title='bbox 1377 4227 1538 4321; x_wconf 89' lang='lat' dir='ltr'>spatium</span> <span class='ocrx_word' id='word_1_295' title='bbox 1579 4230 1785 4319; x_wconf 83' lang='lat'>1,3862944</span> <span class='ocrx_word' id='word_1_296' title='bbox 1832 4228 1864 4299; x_wconf 88' lang='lat' dir='ltr'>F</span> 
     </span>
     <span class='ocr_line' id='line_1_34' title="bbox 406 4341 1865 4441; baseline -0.001 -22"><span class='ocrx_word' id='word_1_297' title='bbox 406 4371 473 4419; x_wconf 90' lang='lat' dir='ltr'>seu</span> <span class='ocrx_word' id='word_1_298' title='bbox 493 4350 627 4438; x_wconf 80' lang='lat'>3,0676</span> <span class='ocrx_word' id='word_1_299' title='bbox 644 4343 717 4439; x_wconf 69' lang='lat' dir='ltr'>dag.</span> <span class='ocrx_word' id='word_1_300' title='bbox 748 4341 784 4414; x_wconf 65' lang='lat'>81</span> <span class='ocrx_word' id='word_1_301' title='bbox 802 4342 966 4414; x_wconf 88' lang='lat' dir='ltr'>manebit</span> <span class='ocrx_word' id='word_1_302' title='bbox 983 4341 1143 4436; x_wconf 89' lang='lat' dir='ltr'>spatium</span> <span class='ocrx_word' id='word_1_303' title='bbox 1168 4348 1348 4435; x_wconf 85' lang='lat' dir='ltr'>113‚o569</span> <span class='ocrx_word' id='word_1_304' title='bbox 1375 4342 1575 4439; x_wconf 91' lang='lat' dir='ltr'>digitorum</span> <span class='ocrx_word' id='word_1_305' title='bbox 1601 4343 1703 4439; x_wconf 92' lang='lat' dir='ltr'>quod</span> <span class='ocrx_word' id='word_1_306' title='bbox 1728 4341 1865 4441; x_wconf 92' lang='lat' dir='ltr'>globus</span> 
     </span>
     <span class='ocr_line' id='line_1_35' title="bbox 406 4455 1863 4556; baseline -0.001 -22"><span class='ocrx_word' id='word_1_307' title='bbox 406 4462 576 4534; x_wconf 88' lang='lat' dir='ltr'>cadendo</span> <span class='ocrx_word' id='word_1_308' title='bbox 615 4461 651 4532; x_wconf 92' lang='lat' dir='ltr'>in</span> <span class='ocrx_word' id='word_1_309' title='bbox 695 4479 801 4554; x_wconf 80' lang='lat' dir='ltr'>aqua,</span> <span class='ocrx_word' id='word_1_310' title='bbox 838 4459 875 4531; x_wconf 92' lang='lat' dir='ltr'>in</span> <span class='ocrx_word' id='word_1_311' title='bbox 910 4483 1000 4531; x_wconf 88' lang='lat' dir='ltr'>vase</span> <span class='ocrx_word' id='word_1_312' title='bbox 1034 4455 1272 4553; x_wconf 88' lang='lat' dir='ltr'>amplissimo,</span> <span class='ocrx_word' id='word_1_313' title='bbox 1310 4473 1477 4554; x_wconf 91' lang='lat' dir='ltr'>tempore</span> <span class='ocrx_word' id='word_1_314' title='bbox 1512 4458 1737 4532; x_wconf 91' lang='lat' dir='ltr'>minutorum</span> <span class='ocrx_word' id='word_1_315' title='bbox 1773 4486 1863 4556; x_wconf 92' lang='lat' dir='ltr'>qua-</span> 
     </span>
     <span class='ocr_line' id='line_1_36' title="bbox 406 4574 1864 4671; baseline -0.001 -22"><span class='ocrx_word' id='word_1_316' title='bbox 406 4593 490 4650; x_wconf 92' lang='lat' dir='ltr'>tuor</span> <span class='ocrx_word' id='word_1_317' title='bbox 523 4576 769 4649; x_wconf 89' lang='lat' dir='ltr'>secundorum</span> <span class='ocrx_word' id='word_1_318' title='bbox 812 4575 1005 4648; x_wconf 90' lang='lat' dir='ltr'>describet.</span> <span class='ocrx_word' id='word_1_319' title='bbox 1075 4575 1160 4648; x_wconf 89' lang='lat' dir='ltr'>Hoc</span> <span class='ocrx_word' id='word_1_320' title='bbox 1203 4574 1373 4669; x_wconf 86' lang='lat' dir='ltr'>spatium,</span> <span class='ocrx_word' id='word_1_321' title='bbox 1418 4574 1467 4646; x_wconf 95' lang='lat' dir='ltr'>ob</span> <span class='ocrx_word' id='word_1_322' title='bbox 1511 4576 1719 4671; x_wconf 93' lang='lat' dir='ltr'>angustiam</span> <span class='ocrx_word' id='word_1_323' title='bbox 1763 4577 1864 4648; x_wconf 88' lang='lat' dir='ltr'>vasis</span> 
     </span>
     <span class='ocr_line' id='line_1_37' title="bbox 405 4690 1864 4790; baseline -0.002 -25"><span class='ocrx_word' id='word_1_324' title='bbox 405 4691 517 4790; x_wconf 91' lang='lat' dir='ltr'>lignei</span> <span class='ocrx_word' id='word_1_325' title='bbox 569 4693 743 4789; x_wconf 85' lang='lat' dir='ltr'>praedicti,</span> <span class='ocrx_word' id='word_1_326' title='bbox 789 4692 902 4764; x_wconf 91' lang='lat' dir='ltr'>minui</span> <span class='ocrx_word' id='word_1_327' title='bbox 953 4691 1066 4764; x_wconf 87' lang='lat' dir='ltr'>debet</span> <span class='ocrx_word' id='word_1_328' title='bbox 1119 4692 1153 4763; x_wconf 94' lang='lat' dir='ltr'>in</span> <span class='ocrx_word' id='word_1_329' title='bbox 1207 4690 1347 4763; x_wconf 90' lang='lat' dir='ltr'>ratione</span> <span class='ocrx_word' id='word_1_330' title='bbox 1399 4715 1482 4785; x_wconf 85' lang='lat' dir='ltr'>quae</span> <span class='ocrx_word' id='word_1_331' title='bbox 1532 4692 1764 4786; x_wconf 88' lang='lat' dir='ltr'>componitur</span> <span class='ocrx_word' id='word_1_332' title='bbox 1816 4717 1864 4764; x_wconf 86' lang='lat' dir='ltr'>ex</span> 
     </span>
    </p>
   </div>
   <div class='ocr_carea' id='block_1_3' title="bbox 0 0 2065 5782">
    <p class='ocr_par' dir='ltr' id='par_1_5' title="bbox 0 0 2065 5782">
     <span class='ocr_line' id='line_1_38' title="bbox 0 0 2065 5782; baseline 0 0"><span class='ocrx_word' id='word_1_333' title='bbox 0 0 2065 5782; x_wconf 95' lang='lat' dir='ltr'> </span> 
     </span>
    </p>
   </div>
  </div>
 </body>
</html>
