1583 1669
483 217 518 239 284
719 216 752 231 DE
762 217 831 231 MOTU
840 216 967 232 CORPORUM

481 265 574 283 fortiorem
592 271 616 283 ex
633 271 670 283 uno
688 264 745 283 latere
762 271 817 289 quam
831 271 854 283 ex
867 264 908 286 alio,
922 265 955 283 sed
968 265 1029 283 eidem
1045 265 1102 287 cedet,
1119 265 1175 289 idque
1189 266 1206 284 in

480 298 576 312 momento
585 294 678 318 temporis,
687 294 731 318 quia
740 293 787 312 latus
796 294 846 312 vasis
855 294 934 318 rigidum
944 300 980 312 non
990 294 1106 318 persequitur
1117 294 1207 319 liquorem

480 323 582 341 cedentem.
610 322 700 341 Cedendo
710 326 779 341 autem
793 323 866 347 urgebit
881 323 928 341 latus
943 323 1054 347 oppositum,
1064 323 1082 341 &
1097 324 1123 342 sic
1136 324 1207 348 pressio

480 352 562 376 undique
571 352 595 370 ad
604 351 728 376 &equalitatem
738 356 807 377 verget.
836 352 862 370 Et
870 353 958 376 quoniam
972 352 1053 373 fluidum,
1063 359 1118 376 quarn
1128 353 1206 377 primurn

479 388 491 399 a
506 385 558 405 parte
573 381 632 405 magis
647 388 711 405 pressa
726 382 812 400 recedere
827 386 908 403 conatur,
925 381 1017 400 inhibetur
1032 388 1065 405 per
1083 382 1207 400 resistentiam

479 410 529 428 vasis
538 410 561 428 ad
571 410 618 428 latus
627 410 744 434 oppositum;
757 411 855 429 reducetur
863 411 934 434 pressio
946 411 1028 434 undique
1040 410 1063 428 ad
1077 410 1207 435 aequalitatem,

480 439 498 457 in
507 443 602 457 momento
611 440 704 463 temporis,
714 439 754 458 sine
763 444 814 458 motu
827 439 879 458 locali
889 446 893 458 ι
907 439 925 458 8ι
937 439 1017 457 subinde
1032 443 1093 463 partes
1109 439 1164 461 fluidi,
1174 446 1208 464 per

479 474 542 486 msum
555 468 645 492 quintum,
654 474 675 487 se
688 473 753 487 mutuo
765 473 850 493 prement
863 468 963 493 aequaliter,
977 468 995 486 &
1008 469 1104 492 quiescent
1119 469 1167 487 inter
1181 475 1206 487 se.

480 498 502 520 Q.
509 498 533 516 E.
541 498 566 516 D.

515 527 574 545 Corol.
591 527 649 546 Unde
664 533 697 545 nee
713 531 774 545 motus
789 527 868 551 panium
884 527 935 545 fluidi
949 527 997 545 inter
1011 533 1036 548 se,
1049 532 1082 550 per
1093 526 1207 550 pressionem

480 556 537 575 fluido
551 556 611 574 ubivis
625 556 643 574 in
656 560 733 574 externa
744 556 841 580 superficie
853 555 926 577 illamm,
940 555 1006 574 mutari
1020 559 1103 579 possunt,
1115 556 1149 574 nisi
1162 562 1206 580 qua-

480 589 534 604 tenus
546 589 579 604 aut
595 585 653 610 figura
667 585 769 610 superficiei
783 585 849 603 alieubi
862 589 948 606 mutatur,
957 589 990 603 aut
1002 591 1067 603 omnes
1080 584 1135 603 fluidi,
1144 589 1206 608 partes

480 614 569 633 intensius
578 614 608 633 vel
617 615 711 633 remissius
720 621 761 633 sese
773 614 875 638 premendo
890 614 982 632 difficilius
991 614 1020 632 vel
1036 614 1106 632 facilius
1121 614 1207 637 lpbuntur

480 644 528 662 inter
536 650 560 662 se.

570 731 757 750 PROPOSITIO
780 731 830 750 XX.
866 731 1045 750 THEOREMA
1069 731 1115 749 XV.

478 780 503 798 Si
511 779 574 804 stuzit'i
586 780 674 804 sphoerici,
691 781 716 800 (ἒ)-ν
730 781 750 799 in
765 780 865 805 aequalibus
878 787 891 798 a
905 783 965 798 centro
984 780 1078 798 distantiis
1097 780 1204 804 homogenei,

496 813 561 837 fundo
568 813 654 838 splum'co
661 814 770 832 comentrico
779 814 896 832 incumbentis
900 816 964 838 parles
972 814 1050 838 singuloe
1055 820 1117 831 versus
1124 816 1206 831 centrum

502 847 558 865 totius
562 847 668 871 gramnat,-
675 847 752 866 sustinet
754 847 841 871 fundum
845 847 920 871 pondus
927 847 1012 872 cylindri,
1021 847 1073 871 cujus
1079 847 1126 865 basis
1132 847 1207 871 a’qualis

502 883 528 898 cst
535 880 704 905 usperficm'sundi,
715 882 740 901 ὄσ*
747 881 826 899 altitudo
834 880 894 899 eadem
902 887 943 905 quoe
943 880 1006 905 fluidi
1013 880 1136 898 incumbentis.

511 933 541 952 Sit
547 934 594 952 ΒΗ
594 934 622 952 Μ
625 934 731 958 superficies
737 934 795 957 fundi,
802 934 821 953 &
827 935 847 952 A
851 935 871 952 E
873 935 887 952 l

476 962 583 986 superficies
592 963 677 987 superior
685 963 741 982 fluidi.
773 963 883 988 Superficie-

477 991 512 1009 bus
521 991 615 1015 sphaericis
628 988 728 1010 innumeris
736 993 781 1010 BF
783 992 809 1014 K,
820 993 837 1011 C
842 992 860 1011 G
865 992 883 1010 L

477 1020 602 1045 distinguatur
614 1021 690 1039 fluidum
705 1021 723 1039 in
736 1022 791 1040 orbes
806 1028 883 1040 concen-
915 1044 917 1047 ι

477 1049 533 1067 tricos
550 1049 646 1073 aequaliter
662 1056 744 1072 crassos5
772 1050 790 1068 81
807 1051 883 1074 concipe

477 1078 516 1097 vim
524 1079 621 1103 gravitatis
629 1085 685 1104 agere
694 1079 811 1098 solummodo
823 1080 840 1098 in
853 1087 882 1098 su-

477 1107 570 1131 perficiem
580 1108 693 1132 superiorem
702 1109 752 1127 orbis
761 1109 854 1133 cujusque,
864 1109 882 1128 δι
900 1109 902 1123 ἶ
921 1131 923 1134 ,

477 1136 559 1161 aequales
568 1143 609 1155 esse
618 1137 700 1156 actiones
707 1138 725 1156 in
732 1138 814 1162 aequales
821 1143 883 1162 partes
902 1133 909 1161 ¹:
928 1157 930 1159 ,
951 1156 957 1167 ,x

477 1166 614 1190 superficierum
626 1164 712 1185 omnium.
740 1167 832 1185 Premitur
838 1174 883 1192 ergo
910 1165 917 1179 '²¹

477 1194 583 1219 superficies
589 1201 675 1219 suprema
681 1195 701 1213 A
706 1196 727 1213 E
732 1195 750 1213 vi
758 1196 835 1220 simplici
840 1203 881 1221 gra-
925 1194 930 1201 “

476 1224 539 1241 vitatis
548 1224 631 1248 propriae,
641 1230 678 1248 qua
687 1224 705 1242 8:
713 1230 778 1243 omnes
787 1225 837 1243 orbis
852 1232 881 1244 su-

476 1252 534 1276 premi
556 1257 618 1276 partes
636 1253 654 1271 &
673 1253 779 1277 superficies
801 1254 882 1273 secunda

464 1306 468 1309 ἢ
476 1281 496 1299 B
500 1282 521 1299 F
524 1281 548 1299 K
556 1281 597 1306 (per
605 1288 656 1306 prop.
667 1282 708 1306 xix)
721 1289 755 1307 pro
766 1289 852 1302 mensura
863 1290 897 1302 sua
910 1285 1007 1309 aequaliter
1021 1290 1133 1310 premuntur.
1162 1287 1204 1306 Pre-

476 1310 532 1329 mitur
540 1315 629 1334 praeterea
638 1311 744 1335 superficies
752 1312 834 1331 secunda
843 1313 887 1331 BF
889 1314 913 1332 K
924 1314 942 1332 vi
958 1315 1037 1339 propriae
1050 1316 1151 1340 gravitatis,
1158 1316 1204 1341 ‘quae
