<?xml version="1.0" encoding="UTF-8"?>
<!DOCTYPE html PUBLIC "-//W3C//DTD XHTML 1.0 Transitional//EN"
    "http://www.w3.org/TR/xhtml1/DTD/xhtml1-transitional.dtd">
<html xmlns="http://www.w3.org/1999/xhtml" xml:lang="en" lang="en">
 <head>
  <title>
</title>
<meta http-equiv="Content-Type" content="text/html;charset=utf-8" />
  <meta name='ocr-system' content='tesseract 3.04.00' />
  <meta name='ocr-capabilities' content='ocr_page ocr_carea ocr_par ocr_line ocrx_word'/>
</head>
<body>
  <div class='ocr_page' id='page_1' title='image "./sirisaacnewtons01newtgoog_0025.png"; bbox 0 0 4110 5782; ppageno 0'>
   <div class='ocr_carea' id='block_1_1' title="bbox 487 424 1458 487">
    <p class='ocr_par' dir='ltr' id='par_1_1' title="bbox 487 424 1458 487">
     <span class='ocr_line' id='line_1_1' title="bbox 487 424 1458 487; baseline -0.004 0"><span class='ocrx_word' id='word_1_1' title='bbox 487 443 536 487; x_wconf 83' lang='lat' dir='ltr'>xx</span> <span class='ocrx_word' id='word_1_2' title='bbox 966 424 1189 485; x_wconf 86' lang='lat' dir='ltr'><em>EDITORIS</em></span> <span class='ocrx_word' id='word_1_3' title='bbox 1208 424 1458 486; x_wconf 74' lang='lat' dir='ltr'><em>PRAEFATJO.</em></span> 
     </span>
    </p>
   </div>
   <div class='ocr_carea' id='block_1_2' title="bbox 472 612 2035 4934">
    <p class='ocr_par' dir='ltr' id='par_1_2' title="bbox 483 612 1946 1037">
     <span class='ocr_line' id='line_1_2' title="bbox 483 612 1946 714; baseline 0.006 -28"><span class='ocrx_word' id='word_1_4' title='bbox 483 612 632 686; x_wconf 85' lang='lat' dir='ltr'>conflari</span> <span class='ocrx_word' id='word_1_5' title='bbox 654 615 840 688; x_wconf 90' lang='lat' dir='ltr'>censenda</span> <span class='ocrx_word' id='word_1_6' title='bbox 858 617 946 703; x_wconf 90' lang='lat' dir='ltr'>erit;</span> <span class='ocrx_word' id='word_1_7' title='bbox 974 634 1088 714; x_wconf 89' lang='lat' dir='ltr'>atque</span> <span class='ocrx_word' id='word_1_8' title='bbox 1105 619 1201 692; x_wconf 92' lang='lat' dir='ltr'>adeo</span> <span class='ocrx_word' id='word_1_9' title='bbox 1219 644 1374 714; x_wconf 89' lang='lat' dir='ltr'>corpora</span> <span class='ocrx_word' id='word_1_10' title='bbox 1391 620 1515 693; x_wconf 91' lang='lat' dir='ltr'>omnia</span> <span class='ocrx_word' id='word_1_11' title='bbox 1533 621 1720 693; x_wconf 85' lang='lat' dir='ltr'>terrestria</span> <span class='ocrx_word' id='word_1_12' title='bbox 1747 647 1788 693; x_wconf 91' lang='lat' dir='ltr'>se</span> <span class='ocrx_word' id='word_1_13' title='bbox 1817 639 1946 695; x_wconf 93' lang='lat' dir='ltr'>mutuo</span> 
     </span>
     <span class='ocr_line' id='line_1_3' title="bbox 483 729 1944 832; baseline 0.008 -31"><span class='ocrx_word' id='word_1_14' title='bbox 483 729 628 802; x_wconf 90' lang='lat' dir='ltr'>trahere</span> <span class='ocrx_word' id='word_1_15' title='bbox 646 747 796 826; x_wconf 84' lang='lat' dir='ltr'>oportet</span> <span class='ocrx_word' id='word_1_16' title='bbox 815 734 955 806; x_wconf 91' lang='lat' dir='ltr'>viribus</span> <span class='ocrx_word' id='word_1_17' title='bbox 973 734 1161 821; x_wconf 90' lang='lat' dir='ltr'>absolutis,</span> <span class='ocrx_word' id='word_1_18' title='bbox 1177 762 1261 832; x_wconf 86' lang='lat' dir='ltr'>quae</span> <span class='ocrx_word' id='word_1_19' title='bbox 1276 737 1350 808; x_wconf 88' lang='lat' dir='ltr'>sint</span> <span class='ocrx_word' id='word_1_20' title='bbox 1364 737 1400 808; x_wconf 89' lang='lat' dir='ltr'>in</span> <span class='ocrx_word' id='word_1_21' title='bbox 1416 737 1557 809; x_wconf 89' lang='lat' dir='ltr'>ratione</span> <span class='ocrx_word' id='word_1_22' title='bbox 1573 738 1736 811; x_wconf 83' lang='lat' dir='ltr'>materiae</span> <span class='ocrx_word' id='word_1_23' title='bbox 1755 738 1944 812; x_wconf 81' lang='lat' dir='ltr'>trahentis</span> 
     </span>
     <span class='ocr_line' id='line_1_4' title="bbox 490 848 1945 951; baseline 0.007 -33"><span class='ocrx_word' id='word_1_24' title='bbox 490 848 584 920; x_wconf 84' lang='lat' dir='ltr'>Haec</span> <span class='ocrx_word' id='word_1_25' title='bbox 603 863 660 920; x_wconf 91' lang='lat' dir='ltr'>est</span> <span class='ocrx_word' id='word_1_26' title='bbox 679 865 809 922; x_wconf 91' lang='lat' dir='ltr'>natura</span> <span class='ocrx_word' id='word_1_27' title='bbox 834 851 1027 948; x_wconf 88' lang='lat' dir='ltr'>gravitatis</span> <span class='ocrx_word' id='word_1_28' title='bbox 1052 854 1150 949; x_wconf 91' lang='lat' dir='ltr'>apud</span> <span class='ocrx_word' id='word_1_29' title='bbox 1179 870 1338 926; x_wconf 87' lang='lat' dir='ltr'>terram:</span> <span class='ocrx_word' id='word_1_30' title='bbox 1366 853 1560 927; x_wconf 91' lang='lat' dir='ltr'>videamus</span> <span class='ocrx_word' id='word_1_31' title='bbox 1582 855 1662 951; x_wconf 90' lang='lat' dir='ltr'>jam</span> <span class='ocrx_word' id='word_1_32' title='bbox 1689 854 1808 951; x_wconf 89' lang='lat' dir='ltr'>qualis</span> <span class='ocrx_word' id='word_1_33' title='bbox 1835 856 1884 928; x_wconf 91' lang='lat' dir='ltr'>sit</span> <span class='ocrx_word' id='word_1_34' title='bbox 1911 857 1945 928; x_wconf 92' lang='lat' dir='ltr'>in</span> 
     </span>
     <span class='ocr_line' id='line_1_5' title="bbox 485 963 595 1037; baseline 0 -1"><span class='ocrx_word' id='word_1_35' title='bbox 485 963 595 1037; x_wconf 85' lang='lat' dir='ltr'>caelis.</span> 
     </span>
    </p>

    <p class='ocr_par' dir='ltr' id='par_1_3' title="bbox 481 1082 2035 2005">
     <span class='ocr_line' id='line_1_6' title="bbox 552 1082 2035 1183; baseline 0.005 -28"><span class='ocrx_word' id='word_1_36' title='bbox 552 1082 698 1178; x_wconf 90' lang='lat' dir='ltr'>Corpus</span> <span class='ocrx_word' id='word_1_37' title='bbox 716 1110 828 1158; x_wconf 91' lang='lat' dir='ltr'>omne</span> <span class='ocrx_word' id='word_1_38' title='bbox 845 1111 1086 1182; x_wconf 89' lang='lat' dir='ltr'>perseverare</span> <span class='ocrx_word' id='word_1_39' title='bbox 1105 1087 1140 1160; x_wconf 92' lang='lat' dir='ltr'>in</span> <span class='ocrx_word' id='word_1_40' title='bbox 1160 1104 1257 1160; x_wconf 89' lang='lat' dir='ltr'>statu</span> <span class='ocrx_word' id='word_1_41' title='bbox 1277 1113 1345 1160; x_wconf 89' lang='lat' dir='ltr'>suo</span> <span class='ocrx_word' id='word_1_42' title='bbox 1364 1086 1422 1160; x_wconf 91' lang='lat' dir='ltr'>vel</span> <span class='ocrx_word' id='word_1_43' title='bbox 1443 1088 1657 1183; x_wconf 90' lang='lat' dir='ltr'>quiescendi</span> <span class='ocrx_word' id='word_1_44' title='bbox 1681 1087 1740 1160; x_wconf 97' lang='lat' dir='ltr'>vel</span> <span class='ocrx_word' id='word_1_45' title='bbox 1768 1090 1945 1162; x_wconf 92' lang='lat' dir='ltr'>movendi</span> <span class='ocrx_word' id='word_1_46' title='bbox 2033 1180 2035 1183; x_wconf 15' lang='grc' dir='ltr'>Ι</span> 
     </span>
     <span class='ocr_line' id='line_1_7' title="bbox 482 1203 1947 1303; baseline 0 -26"><span class='ocrx_word' id='word_1_47' title='bbox 482 1205 712 1280; x_wconf 84' lang='lat' dir='ltr'>uniformiter</span> <span class='ocrx_word' id='word_1_48' title='bbox 743 1203 779 1276; x_wconf 91' lang='lat' dir='ltr'>in</span> <span class='ocrx_word' id='word_1_49' title='bbox 811 1204 1002 1290; x_wconf 89' lang='lat' dir='ltr'>directum,</span> <span class='ocrx_word' id='word_1_50' title='bbox 1032 1205 1100 1276; x_wconf 89' lang='lat' dir='ltr'>nisi</span> <span class='ocrx_word' id='word_1_51' title='bbox 1132 1220 1316 1301; x_wconf 91' lang='lat' dir='ltr'>quatenus</span> <span class='ocrx_word' id='word_1_52' title='bbox 1351 1230 1374 1276; x_wconf 88' lang='lat' dir='ltr'>a</span> <span class='ocrx_word' id='word_1_53' title='bbox 1409 1205 1549 1276; x_wconf 89' lang='lat' dir='ltr'>viribus</span> <span class='ocrx_word' id='word_1_54' title='bbox 1585 1204 1774 1300; x_wconf 88' lang='lat' dir='ltr'>impressis</span> <span class='ocrx_word' id='word_1_55' title='bbox 1802 1205 1947 1303; x_wconf 91' lang='lat' dir='ltr'>cogitur</span> 
     </span>
     <span class='ocr_line' id='line_1_8' title="bbox 482 1319 1941 1417; baseline 0.001 -23"><span class='ocrx_word' id='word_1_56' title='bbox 482 1337 619 1395; x_wconf 92' lang='lat' dir='ltr'>statum</span> <span class='ocrx_word' id='word_1_57' title='bbox 639 1321 739 1395; x_wconf 93' lang='lat' dir='ltr'>illum</span> <span class='ocrx_word' id='word_1_58' title='bbox 759 1339 922 1408; x_wconf 90' lang='lat' dir='ltr'>mutare;</span> <span class='ocrx_word' id='word_1_59' title='bbox 951 1338 1091 1394; x_wconf 83' lang='lat' dir='ltr'>naturae</span> <span class='ocrx_word' id='word_1_60' title='bbox 1110 1319 1170 1394; x_wconf 86' lang='lat' dir='ltr'>lex</span> <span class='ocrx_word' id='word_1_61' title='bbox 1189 1337 1245 1393; x_wconf 90' lang='lat' dir='ltr'>est</span> <span class='ocrx_word' id='word_1_62' title='bbox 1262 1321 1311 1392; x_wconf 90' lang='lat' dir='ltr'>ab</span> <span class='ocrx_word' id='word_1_63' title='bbox 1329 1321 1501 1393; x_wconf 91' lang='lat' dir='ltr'>omnibus</span> <span class='ocrx_word' id='word_1_64' title='bbox 1526 1338 1674 1416; x_wconf 91' lang='lat' dir='ltr'>recepta</span> <span class='ocrx_word' id='word_1_65' title='bbox 1700 1320 1941 1417; x_wconf 92' lang='lat' dir='ltr'>philosophis.</span> 
     </span>
     <span class='ocr_line' id='line_1_9' title="bbox 485 1428 1943 1536; baseline 0.001 -25"><span class='ocrx_word' id='word_1_66' title='bbox 485 1440 578 1514; x_wconf 90' lang='lat' dir='ltr'>Inde</span> <span class='ocrx_word' id='word_1_67' title='bbox 608 1466 698 1514; x_wconf 90' lang='lat' dir='ltr'>vero</span> <span class='ocrx_word' id='word_1_68' title='bbox 729 1441 897 1536; x_wconf 91' lang='lat' dir='ltr'>sequitur</span> <span class='ocrx_word' id='word_1_69' title='bbox 926 1464 1089 1535; x_wconf 83' lang='lat' dir='ltr'>corpora,</span> <span class='ocrx_word' id='word_1_70' title='bbox 1127 1463 1211 1534; x_wconf 89' lang='lat' dir='ltr'>quae</span> <span class='ocrx_word' id='word_1_71' title='bbox 1247 1438 1283 1510; x_wconf 94' lang='lat' dir='ltr'>in</span> <span class='ocrx_word' id='word_1_72' title='bbox 1315 1428 1436 1510; x_wconf 83' lang='lat' dir='ltr'>curvis</span> <span class='ocrx_word' id='word_1_73' title='bbox 1468 1454 1674 1521; x_wconf 89' lang='lat' dir='ltr'>moventur,</span> <span class='ocrx_word' id='word_1_74' title='bbox 1709 1454 1821 1534; x_wconf 91' lang='lat' dir='ltr'>atque</span> <span class='ocrx_word' id='word_1_75' title='bbox 1848 1438 1943 1512; x_wconf 92' lang='lat' dir='ltr'>adeo</span> 
     </span>
     <span class='ocr_line' id='line_1_10' title="bbox 481 1541 1944 1653; baseline -0.001 -24"><span class='ocrx_word' id='word_1_76' title='bbox 481 1559 529 1631; x_wconf 90' lang='lat' dir='ltr'>de</span> <span class='ocrx_word' id='word_1_77' title='bbox 558 1556 663 1630; x_wconf 92' lang='lat' dir='ltr'>lineis</span> <span class='ocrx_word' id='word_1_78' title='bbox 692 1558 801 1630; x_wconf 90' lang='lat' dir='ltr'>rectis</span> <span class='ocrx_word' id='word_1_79' title='bbox 832 1557 970 1631; x_wconf 87' lang='lat' dir='ltr'>orbitas</span> <span class='ocrx_word' id='word_1_80' title='bbox 999 1582 1086 1628; x_wconf 92' lang='lat' dir='ltr'>suas</span> <span class='ocrx_word' id='word_1_81' title='bbox 1117 1541 1355 1653; x_wconf 86' lang='lat' dir='ltr'>tangentibus</span> <span class='ocrx_word' id='word_1_82' title='bbox 1385 1557 1527 1653; x_wconf 89' lang='lat' dir='ltr'>jugiter</span> <span class='ocrx_word' id='word_1_83' title='bbox 1562 1557 1710 1641; x_wconf 88' lang='lat' dir='ltr'>abeunt,</span> <span class='ocrx_word' id='word_1_84' title='bbox 1747 1557 1785 1628; x_wconf 94' lang='lat' dir='ltr'>vi</span> <span class='ocrx_word' id='word_1_85' title='bbox 1820 1555 1944 1652; x_wconf 90' lang='lat' dir='ltr'>aliqua</span> 
     </span>
     <span class='ocr_line' id='line_1_11' title="bbox 481 1670 1941 1772; baseline -0.002 -25"><span class='ocrx_word' id='word_1_86' title='bbox 481 1691 662 1770; x_wconf 93' lang='lat' dir='ltr'>perpetuo</span> <span class='ocrx_word' id='word_1_87' title='bbox 696 1690 833 1772; x_wconf 83' lang='lat' dir='ltr'>agente</span> <span class='ocrx_word' id='word_1_88' title='bbox 867 1674 1015 1747; x_wconf 90' lang='lat' dir='ltr'>retineri</span> <span class='ocrx_word' id='word_1_89' title='bbox 1052 1674 1087 1745; x_wconf 91' lang='lat' dir='ltr'>in</span> <span class='ocrx_word' id='word_1_90' title='bbox 1118 1673 1247 1745; x_wconf 90' lang='lat' dir='ltr'>itinere</span> <span class='ocrx_word' id='word_1_91' title='bbox 1276 1670 1487 1745; x_wconf 89' lang='lat' dir='ltr'>curvilineo.</span> <span class='ocrx_word' id='word_1_92' title='bbox 1563 1670 1724 1743; x_wconf 89' lang='lat' dir='ltr'>Planetis</span> <span class='ocrx_word' id='word_1_93' title='bbox 1761 1671 1874 1768; x_wconf 94' lang='lat' dir='ltr'>igitur</span> <span class='ocrx_word' id='word_1_94' title='bbox 1905 1672 1941 1744; x_wconf 91' lang='lat' dir='ltr'>in</span> 
     </span>
     <span class='ocr_line' id='line_1_12' title="bbox 481 1787 1943 1885; baseline -0.003 -21"><span class='ocrx_word' id='word_1_95' title='bbox 481 1793 632 1865; x_wconf 93' lang='lat' dir='ltr'>orbibus</span> <span class='ocrx_word' id='word_1_96' title='bbox 660 1793 782 1865; x_wconf 92' lang='lat' dir='ltr'>curvis</span> <span class='ocrx_word' id='word_1_97' title='bbox 812 1790 1091 1865; x_wconf 87' lang='lat' dir='ltr'>revolventibus</span> <span class='ocrx_word' id='word_1_98' title='bbox 1120 1791 1328 1863; x_wconf 90' lang='lat' dir='ltr'>necessario</span> <span class='ocrx_word' id='word_1_99' title='bbox 1354 1790 1474 1863; x_wconf 92' lang='lat' dir='ltr'>aderit</span> <span class='ocrx_word' id='word_1_100' title='bbox 1500 1790 1557 1861; x_wconf 92' lang='lat' dir='ltr'>vis</span> <span class='ocrx_word' id='word_1_101' title='bbox 1584 1787 1717 1884; x_wconf 81' lang='lat' dir='ltr'>aliqua,</span> <span class='ocrx_word' id='word_1_102' title='bbox 1746 1814 1813 1884; x_wconf 93' lang='lat' dir='ltr'>per</span> <span class='ocrx_word' id='word_1_103' title='bbox 1839 1789 1943 1885; x_wconf 89' lang='lat' dir='ltr'>cujus</span> 
     </span>
     <span class='ocr_line' id='line_1_13' title="bbox 481 1907 1677 2005; baseline -0.003 -24"><span class='ocrx_word' id='word_1_104' title='bbox 481 1911 644 1983; x_wconf 89' lang='lat' dir='ltr'>actiones</span> <span class='ocrx_word' id='word_1_105' title='bbox 663 1911 839 2005; x_wconf 91' lang='lat' dir='ltr'>repetitas</span> <span class='ocrx_word' id='word_1_106' title='bbox 858 1908 1110 1982; x_wconf 89' lang='lat' dir='ltr'>indesinenter</span> <span class='ocrx_word' id='word_1_107' title='bbox 1127 1934 1149 1980; x_wconf 90' lang='lat' dir='ltr'>a</span> <span class='ocrx_word' id='word_1_108' title='bbox 1168 1909 1406 2005; x_wconf 84' lang='lat' dir='ltr'>tangentibus</span> <span class='ocrx_word' id='word_1_109' title='bbox 1425 1907 1677 1979; x_wconf 86' lang='lat' dir='ltr'>deflectantur.</span> 
     </span>
    </p>

    <p class='ocr_par' dir='ltr' id='par_1_4' title="bbox 476 2026 1943 3642">
     <span class='ocr_line' id='line_1_14' title="bbox 547 2026 1943 2123; baseline -0.001 -24"><span class='ocrx_word' id='word_1_110' title='bbox 547 2028 632 2123; x_wconf 89' lang='lat' dir='ltr'>Jam</span> <span class='ocrx_word' id='word_1_111' title='bbox 669 2026 757 2100; x_wconf 92' lang='lat' dir='ltr'>illud</span> <span class='ocrx_word' id='word_1_112' title='bbox 793 2027 945 2100; x_wconf 91' lang='lat' dir='ltr'>concedi</span> <span class='ocrx_word' id='word_1_113' title='bbox 982 2050 1130 2122; x_wconf 86' lang='lat' dir='ltr'>aequum</span> <span class='ocrx_word' id='word_1_114' title='bbox 1174 2041 1240 2111; x_wconf 89' lang='lat' dir='ltr'>est,</span> <span class='ocrx_word' id='word_1_115' title='bbox 1278 2026 1378 2121; x_wconf 94' lang='lat' dir='ltr'>quod</span> <span class='ocrx_word' id='word_1_116' title='bbox 1423 2026 1694 2098; x_wconf 89' lang='lat' dir='ltr'>mathematicis</span> <span class='ocrx_word' id='word_1_117' title='bbox 1739 2026 1943 2098; x_wconf 89' lang='lat' dir='ltr'>rationibus</span> 
     </span>
     <span class='ocr_line' id='line_1_15' title="bbox 480 2142 1941 2242; baseline 0.001 -26"><span class='ocrx_word' id='word_1_118' title='bbox 480 2142 664 2242; x_wconf 85' lang='lat' dir='ltr'>colligitur</span> <span class='ocrx_word' id='word_1_119' title='bbox 694 2143 731 2216; x_wconf 88' lang='lat'>&amp;</span> <span class='ocrx_word' id='word_1_120' title='bbox 762 2144 964 2217; x_wconf 89' lang='lat' dir='ltr'>certissime</span> <span class='ocrx_word' id='word_1_121' title='bbox 995 2143 1290 2229; x_wconf 91' lang='lat' dir='ltr'>demonstratur;</span> <span class='ocrx_word' id='word_1_122' title='bbox 1328 2169 1482 2238; x_wconf 91' lang='lat' dir='ltr'>corpora</span> <span class='ocrx_word' id='word_1_123' title='bbox 1518 2168 1653 2238; x_wconf 88' lang='lat' dir='ltr'>nempe</span> <span class='ocrx_word' id='word_1_124' title='bbox 1689 2145 1823 2228; x_wconf 93' lang='lat' dir='ltr'>omnia,</span> <span class='ocrx_word' id='word_1_125' title='bbox 1856 2170 1941 2239; x_wconf 80' lang='lat' dir='ltr'>quae</span> 
     </span>
     <span class='ocr_line' id='line_1_16' title="bbox 481 2259 1941 2357; baseline 0.002 -25"><span class='ocrx_word' id='word_1_126' title='bbox 481 2276 677 2334; x_wconf 91' lang='lat' dir='ltr'>moventur</span> <span class='ocrx_word' id='word_1_127' title='bbox 695 2261 731 2333; x_wconf 93' lang='lat' dir='ltr'>in</span> <span class='ocrx_word' id='word_1_128' title='bbox 749 2259 847 2334; x_wconf 90' lang='lat' dir='ltr'>linea</span> <span class='ocrx_word' id='word_1_129' title='bbox 864 2260 987 2357; x_wconf 91' lang='lat' dir='ltr'>aliqua</span> <span class='ocrx_word' id='word_1_130' title='bbox 1005 2287 1118 2333; x_wconf 90' lang='lat' dir='ltr'>curva</span> <span class='ocrx_word' id='word_1_131' title='bbox 1137 2262 1172 2333; x_wconf 90' lang='lat' dir='ltr'>in</span> <span class='ocrx_word' id='word_1_132' title='bbox 1191 2259 1309 2356; x_wconf 90' lang='lat' dir='ltr'>plano</span> <span class='ocrx_word' id='word_1_133' title='bbox 1320 2260 1514 2356; x_wconf 87' lang='lat' dir='ltr'>descripta,</span> <span class='ocrx_word' id='word_1_134' title='bbox 1530 2285 1688 2356; x_wconf 87' lang='lat' dir='ltr'>quaeque</span> <span class='ocrx_word' id='word_1_135' title='bbox 1707 2260 1811 2334; x_wconf 89' lang='lat' dir='ltr'>radio</span> <span class='ocrx_word' id='word_1_136' title='bbox 1829 2261 1941 2335; x_wconf 91' lang='lat' dir='ltr'>ducto</span> 
     </span>
     <span class='ocr_line' id='line_1_17' title="bbox 480 2376 1941 2474; baseline 0.001 -26"><span class='ocrx_word' id='word_1_137' title='bbox 480 2378 528 2449; x_wconf 92' lang='lat' dir='ltr'>ad</span> <span class='ocrx_word' id='word_1_138' title='bbox 548 2393 726 2473; x_wconf 91' lang='lat' dir='ltr'>punctum</span> <span class='ocrx_word' id='word_1_139' title='bbox 745 2376 805 2451; x_wconf 90' lang='lat' dir='ltr'>vel</span> <span class='ocrx_word' id='word_1_140' title='bbox 824 2379 1018 2474; x_wconf 89' lang='lat' dir='ltr'>quiescens</span> <span class='ocrx_word' id='word_1_141' title='bbox 1037 2377 1096 2452; x_wconf 91' lang='lat' dir='ltr'>vel</span> <span class='ocrx_word' id='word_1_142' title='bbox 1116 2393 1304 2473; x_wconf 90' lang='lat' dir='ltr'>utcunque</span> <span class='ocrx_word' id='word_1_143' title='bbox 1331 2393 1472 2450; x_wconf 92' lang='lat' dir='ltr'>motum</span> <span class='ocrx_word' id='word_1_144' title='bbox 1491 2377 1704 2450; x_wconf 90' lang='lat' dir='ltr'>describunt</span> <span class='ocrx_word' id='word_1_145' title='bbox 1723 2402 1827 2450; x_wconf 90' lang='lat' dir='ltr'>areas</span> <span class='ocrx_word' id='word_1_146' title='bbox 1846 2377 1941 2450; x_wconf 91' lang='lat' dir='ltr'>circa</span> 
     </span>
     <span class='ocr_line' id='line_1_18' title="bbox 480 2492 1939 2593; baseline 0.001 -28"><span class='ocrx_word' id='word_1_147' title='bbox 480 2510 658 2589; x_wconf 92' lang='lat' dir='ltr'>punctum</span> <span class='ocrx_word' id='word_1_148' title='bbox 688 2492 776 2567; x_wconf 92' lang='lat' dir='ltr'>illud</span> <span class='ocrx_word' id='word_1_149' title='bbox 806 2495 1034 2590; x_wconf 86' lang='lat' dir='ltr'>temporibus</span> <span class='ocrx_word' id='word_1_150' title='bbox 1063 2493 1367 2590; x_wconf 69' lang='lat' dir='ltr'>proportionales</span> <span class='ocrx_word' id='word_1_151' title='bbox 1397 2495 1519 2593; x_wconf 91' lang='lat' dir='ltr'>urgeri</span> <span class='ocrx_word' id='word_1_152' title='bbox 1548 2520 1570 2566; x_wconf 92' lang='lat' dir='ltr'>a</span> <span class='ocrx_word' id='word_1_153' title='bbox 1604 2493 1744 2565; x_wconf 90' lang='lat' dir='ltr'>viribus</span> <span class='ocrx_word' id='word_1_154' title='bbox 1775 2519 1860 2590; x_wconf 83' lang='lat' dir='ltr'>quae</span> <span class='ocrx_word' id='word_1_155' title='bbox 1890 2495 1939 2566; x_wconf 89' lang='lat' dir='ltr'>ad</span> 
     </span>
     <span class='ocr_line' id='line_1_19' title="bbox 480 2609 1939 2708; baseline 0.003 -27"><span class='ocrx_word' id='word_1_156' title='bbox 480 2609 578 2681; x_wconf 93' lang='lat' dir='ltr'>idem</span> <span class='ocrx_word' id='word_1_157' title='bbox 598 2626 775 2706; x_wconf 90' lang='lat' dir='ltr'>punctum</span> <span class='ocrx_word' id='word_1_158' title='bbox 793 2610 960 2684; x_wconf 92' lang='lat' dir='ltr'>tendunt.</span> <span class='ocrx_word' id='word_1_159' title='bbox 1016 2611 1112 2684; x_wconf 87' lang='lat' dir='ltr'>Cum</span> <span class='ocrx_word' id='word_1_160' title='bbox 1132 2611 1243 2708; x_wconf 91' lang='lat' dir='ltr'>igitur</span> <span class='ocrx_word' id='word_1_161' title='bbox 1261 2611 1297 2683; x_wconf 90' lang='lat' dir='ltr'>in</span> <span class='ocrx_word' id='word_1_162' title='bbox 1321 2611 1491 2684; x_wconf 80' lang='lat' dir='ltr'>confesso</span> <span class='ocrx_word' id='word_1_163' title='bbox 1512 2610 1561 2683; x_wconf 90' lang='lat' dir='ltr'>sit</span> <span class='ocrx_word' id='word_1_164' title='bbox 1581 2609 1681 2705; x_wconf 90' lang='lat' dir='ltr'>apud</span> <span class='ocrx_word' id='word_1_165' title='bbox 1705 2626 1939 2686; x_wconf 87' lang='lat' dir='ltr'>astronomos</span> 
     </span>
     <span class='ocr_line' id='line_1_20' title="bbox 481 2723 1938 2821; baseline 0.003 -26"><span class='ocrx_word' id='word_1_166' title='bbox 481 2723 649 2820; x_wconf 88' lang='lat' dir='ltr'>planetas</span> <span class='ocrx_word' id='word_1_167' title='bbox 683 2727 877 2821; x_wconf 91' lang='lat' dir='ltr'>primarios</span> <span class='ocrx_word' id='word_1_168' title='bbox 913 2728 1048 2799; x_wconf 92' lang='lat' dir='ltr'>circum</span> <span class='ocrx_word' id='word_1_169' title='bbox 1092 2725 1219 2811; x_wconf 87' lang='lat' dir='ltr'>solem,</span> <span class='ocrx_word' id='word_1_170' title='bbox 1255 2726 1493 2799; x_wconf 90' lang='lat' dir='ltr'>secundarios</span> <span class='ocrx_word' id='word_1_171' title='bbox 1537 2751 1627 2799; x_wconf 91' lang='lat' dir='ltr'>vero</span> <span class='ocrx_word' id='word_1_172' title='bbox 1671 2726 1807 2798; x_wconf 90' lang='lat' dir='ltr'>circum</span> <span class='ocrx_word' id='word_1_173' title='bbox 1850 2753 1938 2801; x_wconf 91' lang='lat' dir='ltr'>suos</span> 
     </span>
     <span class='ocr_line' id='line_1_21' title="bbox 478 2840 1938 2941; baseline 0.003 -29"><span class='ocrx_word' id='word_1_174' title='bbox 478 2841 681 2936; x_wconf 88' lang='lat' dir='ltr'>primarios,</span> <span class='ocrx_word' id='word_1_175' title='bbox 714 2867 819 2914; x_wconf 89' lang='lat' dir='ltr'>areas</span> <span class='ocrx_word' id='word_1_176' title='bbox 847 2842 1056 2916; x_wconf 88' lang='lat' dir='ltr'>describere</span> <span class='ocrx_word' id='word_1_177' title='bbox 1087 2842 1316 2936; x_wconf 91' lang='lat' dir='ltr'>temporibus</span> <span class='ocrx_word' id='word_1_178' title='bbox 1351 2840 1665 2937; x_wconf 90' lang='lat' dir='ltr'>proportionales;</span> <span class='ocrx_word' id='word_1_179' title='bbox 1706 2868 1938 2941; x_wconf 91' lang='lat' dir='ltr'>consequens</span> 
     </span>
     <span class='ocr_line' id='line_1_22' title="bbox 476 2956 1937 3055; baseline 0.003 -26"><span class='ocrx_word' id='word_1_180' title='bbox 476 2972 534 3029; x_wconf 89' lang='lat' dir='ltr'>est</span> <span class='ocrx_word' id='word_1_181' title='bbox 560 2972 601 3029; x_wconf 92' lang='lat' dir='ltr'>ut</span> <span class='ocrx_word' id='word_1_182' title='bbox 627 2958 684 3029; x_wconf 91' lang='lat' dir='ltr'>vis</span> <span class='ocrx_word' id='word_1_183' title='bbox 712 2956 781 3043; x_wconf 87' lang='lat' dir='ltr'>illa,</span> <span class='ocrx_word' id='word_1_184' title='bbox 809 2983 883 3054; x_wconf 90' lang='lat' dir='ltr'>qua</span> <span class='ocrx_word' id='word_1_185' title='bbox 909 2974 1091 3054; x_wconf 91' lang='lat' dir='ltr'>perpetuo</span> <span class='ocrx_word' id='word_1_186' title='bbox 1121 2958 1390 3052; x_wconf 89' lang='lat' dir='ltr'>detorquentur</span> <span class='ocrx_word' id='word_1_187' title='bbox 1419 2983 1442 3029; x_wconf 90' lang='lat' dir='ltr'>a</span> <span class='ocrx_word' id='word_1_188' title='bbox 1472 2960 1709 3055; x_wconf 85' lang='lat' dir='ltr'>tangentibus</span> <span class='ocrx_word' id='word_1_189' title='bbox 1741 2962 1937 3035; x_wconf 90' lang='lat' dir='ltr'>rectilineis</span> 
     </span>
     <span class='ocr_line' id='line_1_23' title="bbox 478 3072 1939 3175; baseline 0.004 -30"><span class='ocrx_word' id='word_1_190' title='bbox 478 3072 514 3144; x_wconf 68' lang='lat'>82</span> <span class='ocrx_word' id='word_1_191' title='bbox 543 3073 578 3145; x_wconf 91' lang='lat' dir='ltr'>in</span> <span class='ocrx_word' id='word_1_192' title='bbox 607 3073 736 3146; x_wconf 89' lang='lat' dir='ltr'>orbitis</span> <span class='ocrx_word' id='word_1_193' title='bbox 766 3073 976 3147; x_wconf 91' lang='lat' dir='ltr'>curvilineis</span> <span class='ocrx_word' id='word_1_194' title='bbox 1006 3072 1147 3147; x_wconf 90' lang='lat' dir='ltr'>revolvi</span> <span class='ocrx_word' id='word_1_195' title='bbox 1176 3089 1369 3170; x_wconf 84' lang='lat' dir='ltr'>coguntur,</span> <span class='ocrx_word' id='word_1_196' title='bbox 1405 3099 1536 3146; x_wconf 91' lang='lat' dir='ltr'>versus</span> <span class='ocrx_word' id='word_1_197' title='bbox 1571 3100 1725 3170; x_wconf 87' lang='lat' dir='ltr'>corpora</span> <span class='ocrx_word' id='word_1_198' title='bbox 1760 3077 1939 3175; x_wconf 89' lang='lat' dir='ltr'>dirigatur</span> 
     </span>
     <span class='ocr_line' id='line_1_24' title="bbox 478 3191 1937 3290; baseline 0.004 -28"><span class='ocrx_word' id='word_1_199' title='bbox 478 3217 562 3287; x_wconf 86' lang='lat' dir='ltr'>quae</span> <span class='ocrx_word' id='word_1_200' title='bbox 580 3192 651 3264; x_wconf 91' lang='lat' dir='ltr'>sita</span> <span class='ocrx_word' id='word_1_201' title='bbox 669 3206 756 3263; x_wconf 90' lang='lat' dir='ltr'>sunt</span> <span class='ocrx_word' id='word_1_202' title='bbox 774 3191 809 3263; x_wconf 95' lang='lat' dir='ltr'>in</span> <span class='ocrx_word' id='word_1_203' title='bbox 829 3191 1031 3264; x_wconf 91' lang='lat' dir='ltr'>orbitarum</span> <span class='ocrx_word' id='word_1_204' title='bbox 1049 3191 1193 3264; x_wconf 91' lang='lat' dir='ltr'>centris.</span> <span class='ocrx_word' id='word_1_205' title='bbox 1252 3191 1349 3263; x_wconf 86' lang='lat' dir='ltr'>Haec</span> <span class='ocrx_word' id='word_1_206' title='bbox 1367 3191 1491 3287; x_wconf 91' lang='lat' dir='ltr'>itaque</span> <span class='ocrx_word' id='word_1_207' title='bbox 1509 3192 1567 3263; x_wconf 89' lang='lat' dir='ltr'>vis</span> <span class='ocrx_word' id='word_1_208' title='bbox 1586 3217 1659 3264; x_wconf 92' lang='lat' dir='ltr'>non</span> <span class='ocrx_word' id='word_1_209' title='bbox 1675 3193 1798 3290; x_wconf 92' lang='lat' dir='ltr'>inepte</span> <span class='ocrx_word' id='word_1_210' title='bbox 1813 3197 1937 3268; x_wconf 91' lang='lat' dir='ltr'>vocari</span> 
     </span>
     <span class='ocr_line' id='line_1_25' title="bbox 476 3306 1935 3406; baseline 0.002 -25"><span class='ocrx_word' id='word_1_211' title='bbox 476 3322 610 3403; x_wconf 89' lang='lat' dir='ltr'>potest,</span> <span class='ocrx_word' id='word_1_212' title='bbox 639 3321 807 3402; x_wconf 89' lang='lat' dir='ltr'>respectu</span> <span class='ocrx_word' id='word_1_213' title='bbox 844 3307 995 3403; x_wconf 91' lang='lat' dir='ltr'>quidem</span> <span class='ocrx_word' id='word_1_214' title='bbox 1031 3307 1194 3402; x_wconf 92' lang='lat' dir='ltr'>corporis</span> <span class='ocrx_word' id='word_1_215' title='bbox 1229 3306 1464 3393; x_wconf 73' lang='lat' dir='ltr'>revolventis</span> <span class='ocrx_word' id='word_1_216' title='bbox 1502 3309 1725 3404; x_wconf 88' lang='lat' dir='ltr'>centripeta;</span> <span class='ocrx_word' id='word_1_217' title='bbox 1766 3328 1935 3406; x_wconf 89' lang='lat' dir='ltr'>respectu</span> 
     </span>
     <span class='ocr_line' id='line_1_26' title="bbox 477 3423 1935 3523; baseline 0.001 -23"><span class='ocrx_word' id='word_1_218' title='bbox 477 3444 601 3500; x_wconf 92' lang='lat' dir='ltr'>autem</span> <span class='ocrx_word' id='word_1_219' title='bbox 620 3428 783 3523; x_wconf 91' lang='lat' dir='ltr'>corporis</span> <span class='ocrx_word' id='word_1_220' title='bbox 802 3423 982 3510; x_wconf 87' lang='lat' dir='ltr'>centralis,</span> <span class='ocrx_word' id='word_1_221' title='bbox 1001 3425 1216 3510; x_wconf 89' lang='lat' dir='ltr'>attractiva;</span> <span class='ocrx_word' id='word_1_222' title='bbox 1242 3452 1264 3498; x_wconf 91' lang='lat' dir='ltr'>a</span> <span class='ocrx_word' id='word_1_223' title='bbox 1289 3450 1509 3521; x_wconf 90' lang='lat' dir='ltr'>quacunque</span> <span class='ocrx_word' id='word_1_224' title='bbox 1536 3425 1686 3498; x_wconf 89' lang='lat' dir='ltr'>demum</span> <span class='ocrx_word' id='word_1_225' title='bbox 1713 3453 1824 3500; x_wconf 92' lang='lat' dir='ltr'>causa</span> <span class='ocrx_word' id='word_1_226' title='bbox 1850 3430 1935 3502; x_wconf 89' lang='lat' dir='ltr'>oriri</span> 
     </span>
     <span class='ocr_line' id='line_1_27' title="bbox 478 3545 647 3642; baseline 0.006 -26"><span class='ocrx_word' id='word_1_227' title='bbox 478 3545 647 3642; x_wconf 86' lang='lat' dir='ltr'>fingatur.</span> 
     </span>
    </p>

    <p class='ocr_par' dir='ltr' id='par_1_5' title="bbox 472 3657 1934 4934">
     <span class='ocr_line' id='line_1_28' title="bbox 544 3657 1931 3764; baseline -0.006 -21"><span class='ocrx_word' id='word_1_228' title='bbox 544 3671 646 3764; x_wconf 83' lang='lat' dir='ltr'>Quin</span> <span class='ocrx_word' id='word_1_229' title='bbox 676 3669 712 3741; x_wconf 67' lang='lat'>82</span> <span class='ocrx_word' id='word_1_230' title='bbox 740 3668 821 3741; x_wconf 83' lang='lat' dir='ltr'>haec</span> <span class='ocrx_word' id='word_1_231' title='bbox 849 3685 998 3757; x_wconf 91' lang='lat' dir='ltr'>quoque</span> <span class='ocrx_word' id='word_1_232' title='bbox 1026 3660 1264 3733; x_wconf 90' lang='lat' dir='ltr'>concedenda</span> <span class='ocrx_word' id='word_1_233' title='bbox 1299 3675 1396 3745; x_wconf 92' lang='lat' dir='ltr'>sunt,</span> <span class='ocrx_word' id='word_1_234' title='bbox 1431 3657 1753 3732; x_wconf 80' lang='lat' dir='ltr'>&amp;mathematice</span> <span class='ocrx_word' id='word_1_235' title='bbox 1779 3662 1931 3736; x_wconf 92' lang='lat' dir='ltr'>demon-</span> 
     </span>
     <span class='ocr_line' id='line_1_29' title="bbox 474 3774 1934 3876; baseline -0.003 -16"><span class='ocrx_word' id='word_1_236' title='bbox 474 3803 660 3861; x_wconf 90' lang='lat' dir='ltr'>strantur:</span> <span class='ocrx_word' id='word_1_237' title='bbox 702 3786 743 3858; x_wconf 89' lang='lat' dir='ltr'>Si</span> <span class='ocrx_word' id='word_1_238' title='bbox 780 3803 934 3876; x_wconf 89' lang='lat' dir='ltr'>corpora</span> <span class='ocrx_word' id='word_1_239' title='bbox 969 3775 1074 3872; x_wconf 92' lang='lat' dir='ltr'>plura</span> <span class='ocrx_word' id='word_1_240' title='bbox 1109 3793 1210 3849; x_wconf 92' lang='lat' dir='ltr'>motu</span> <span class='ocrx_word' id='word_1_241' title='bbox 1238 3774 1409 3872; x_wconf 85' lang='lat' dir='ltr'>aequabili</span> <span class='ocrx_word' id='word_1_242' title='bbox 1447 3774 1685 3849; x_wconf 90' lang='lat' dir='ltr'>revolvantur</span> <span class='ocrx_word' id='word_1_243' title='bbox 1720 3780 1756 3850; x_wconf 89' lang='lat' dir='ltr'>in</span> <span class='ocrx_word' id='word_1_244' title='bbox 1792 3781 1934 3856; x_wconf 90' lang='lat' dir='ltr'>circulis</span> 
     </span>
     <span class='ocr_line' id='line_1_30' title="bbox 474 3893 1932 3994; baseline -0.003 -16"><span class='ocrx_word' id='word_1_245' title='bbox 474 3904 723 3988; x_wconf 91' lang='lat' dir='ltr'>concentricis‚</span> <span class='ocrx_word' id='word_1_246' title='bbox 769 3900 806 3973; x_wconf 73' lang='lat' dir='ltr'>u</span> <span class='ocrx_word' id='word_1_247' title='bbox 849 3894 1031 3994; x_wconf 90' lang='lat' dir='ltr'>quadrata</span> <span class='ocrx_word' id='word_1_248' title='bbox 1073 3908 1282 3988; x_wconf 89' lang='lat' dir='ltr'>temporum</span> <span class='ocrx_word' id='word_1_249' title='bbox 1334 3893 1604 3989; x_wconf 90' lang='lat' dir='ltr'>periodicorum</span> <span class='ocrx_word' id='word_1_250' title='bbox 1648 3896 1722 3969; x_wconf 89' lang='lat' dir='ltr'>sint</span> <span class='ocrx_word' id='word_1_251' title='bbox 1765 3914 1806 3970; x_wconf 94' lang='lat' dir='ltr'>ut</span> <span class='ocrx_word' id='word_1_252' title='bbox 1849 3902 1932 3973; x_wconf 92' lang='lat' dir='ltr'>cubi</span> 
     </span>
     <span class='ocr_line' id='line_1_31' title="bbox 475 4008 1932 4105; baseline -0.003 -10"><span class='ocrx_word' id='word_1_253' title='bbox 475 4022 731 4096; x_wconf 88' lang='lat' dir='ltr'>distantiarum</span> <span class='ocrx_word' id='word_1_254' title='bbox 749 4043 772 4090; x_wconf 88' lang='lat' dir='ltr'>a</span> <span class='ocrx_word' id='word_1_255' title='bbox 794 4029 921 4089; x_wconf 90' lang='lat' dir='ltr'>centro</span> <span class='ocrx_word' id='word_1_256' title='bbox 947 4008 1133 4084; x_wconf 90' lang='lat' dir='ltr'>communi</span> <span class='ocrx_word' id='word_1_257' title='bbox 1147 4038 1154 4096; x_wconf 95' lang='lat'>;</span> <span class='ocrx_word' id='word_1_258' title='bbox 1181 4009 1280 4082; x_wconf 90' lang='lat' dir='ltr'>vires</span> <span class='ocrx_word' id='word_1_259' title='bbox 1306 4010 1530 4105; x_wconf 88' lang='lat' dir='ltr'>centripetas</span> <span class='ocrx_word' id='word_1_260' title='bbox 1557 4012 1826 4087; x_wconf 91' lang='lat' dir='ltr'>revolventium</span> <span class='ocrx_word' id='word_1_261' title='bbox 1855 4017 1932 4091; x_wconf 87' lang='lat' dir='ltr'>fore</span> 
     </span>
     <span class='ocr_line' id='line_1_32' title="bbox 473 4125 1930 4235; baseline -0.005 -22"><span class='ocrx_word' id='word_1_262' title='bbox 473 4140 660 4235; x_wconf 90' lang='lat' dir='ltr'>reciproce</span> <span class='ocrx_word' id='word_1_263' title='bbox 684 4152 725 4210; x_wconf 95' lang='lat' dir='ltr'>ut</span> <span class='ocrx_word' id='word_1_264' title='bbox 751 4133 932 4232; x_wconf 89' lang='lat' dir='ltr'>quadrata</span> <span class='ocrx_word' id='word_1_265' title='bbox 949 4128 1217 4201; x_wconf 85' lang='lat' dir='ltr'>distantiarum.</span> <span class='ocrx_word' id='word_1_266' title='bbox 1291 4125 1372 4211; x_wconf 89' lang='lat' dir='ltr'>Vel,</span> <span class='ocrx_word' id='word_1_267' title='bbox 1392 4128 1422 4199; x_wconf 92' lang='lat' dir='ltr'>si</span> <span class='ocrx_word' id='word_1_268' title='bbox 1450 4153 1604 4225; x_wconf 91' lang='lat' dir='ltr'>corpora</span> <span class='ocrx_word' id='word_1_269' title='bbox 1632 4129 1869 4205; x_wconf 90' lang='lat' dir='ltr'>revolvantur</span> <span class='ocrx_word' id='word_1_270' title='bbox 1896 4134 1930 4206; x_wconf 93' lang='lat' dir='ltr'>in</span> 
     </span>
     <span class='ocr_line' id='line_1_33' title="bbox 473 4244 1929 4351; baseline -0.005 -20"><span class='ocrx_word' id='word_1_271' title='bbox 473 4257 601 4331; x_wconf 91' lang='lat' dir='ltr'>orbitis</span> <span class='ocrx_word' id='word_1_272' title='bbox 630 4282 714 4351; x_wconf 81' lang='lat' dir='ltr'>quae</span> <span class='ocrx_word' id='word_1_273' title='bbox 742 4267 829 4326; x_wconf 91' lang='lat' dir='ltr'>sunt</span> <span class='ocrx_word' id='word_1_274' title='bbox 857 4246 1000 4322; x_wconf 90' lang='lat' dir='ltr'>circulis</span> <span class='ocrx_word' id='word_1_275' title='bbox 1029 4245 1204 4329; x_wconf 86' lang='lat' dir='ltr'>finitimae,</span> <span class='ocrx_word' id='word_1_276' title='bbox 1238 4244 1274 4317; x_wconf 86' lang='lat'>&amp;</span> <span class='ocrx_word' id='word_1_277' title='bbox 1302 4244 1494 4340; x_wconf 86' lang='lat' dir='ltr'>quiescant</span> <span class='ocrx_word' id='word_1_278' title='bbox 1524 4249 1724 4320; x_wconf 91' lang='lat' dir='ltr'>orbitarum</span> <span class='ocrx_word' id='word_1_279' title='bbox 1762 4251 1929 4345; x_wconf 74' lang='lat' dir='ltr'>apsides:</span> 
     </span>
     <span class='ocr_line' id='line_1_34' title="bbox 472 4360 1927 4465; baseline -0.004 -19"><span class='ocrx_word' id='word_1_280' title='bbox 472 4374 570 4446; x_wconf 89' lang='lat' dir='ltr'>vires</span> <span class='ocrx_word' id='word_1_281' title='bbox 589 4371 811 4465; x_wconf 88' lang='lat' dir='ltr'>centripetas</span> <span class='ocrx_word' id='word_1_282' title='bbox 830 4362 1100 4438; x_wconf 85' lang='lat' dir='ltr'>revolventium</span> <span class='ocrx_word' id='word_1_283' title='bbox 1118 4360 1196 4433; x_wconf 83' lang='lat' dir='ltr'>fore</span> <span class='ocrx_word' id='word_1_284' title='bbox 1216 4361 1399 4456; x_wconf 87' lang='lat' dir='ltr'>reciproce</span> <span class='ocrx_word' id='word_1_285' title='bbox 1413 4377 1455 4434; x_wconf 93' lang='lat' dir='ltr'>ut</span> <span class='ocrx_word' id='word_1_286' title='bbox 1467 4363 1648 4459; x_wconf 87' lang='lat' dir='ltr'>quadrata</span> <span class='ocrx_word' id='word_1_287' title='bbox 1661 4365 1927 4440; x_wconf 90' lang='lat' dir='ltr'>distantiarum.</span> 
     </span>
     <span class='ocr_line' id='line_1_35' title="bbox 474 4473 1926 4576; baseline -0.004 -14"><span class='ocrx_word' id='word_1_288' title='bbox 474 4473 656 4562; x_wconf 87' lang='lat' dir='ltr'>Obtinere</span> <span class='ocrx_word' id='word_1_289' title='bbox 674 4511 799 4560; x_wconf 90' lang='lat' dir='ltr'>casum</span> <span class='ocrx_word' id='word_1_290' title='bbox 813 4483 1028 4557; x_wconf 86' lang='lat' dir='ltr'>alterutrum</span> <span class='ocrx_word' id='word_1_291' title='bbox 1044 4480 1079 4552; x_wconf 91' lang='lat' dir='ltr'>in</span> <span class='ocrx_word' id='word_1_292' title='bbox 1096 4478 1253 4576; x_wconf 90' lang='lat' dir='ltr'>planetis</span> <span class='ocrx_word' id='word_1_293' title='bbox 1269 4480 1451 4552; x_wconf 90' lang='lat' dir='ltr'>universis</span> <span class='ocrx_word' id='word_1_294' title='bbox 1468 4481 1703 4554; x_wconf 88' lang='lat' dir='ltr'>consentiunt</span> <span class='ocrx_word' id='word_1_295' title='bbox 1716 4485 1926 4556; x_wconf 86' lang='lat' dir='ltr'>astronomi.</span> 
     </span>
     <span class='ocr_line' id='line_1_36' title="bbox 476 4597 1930 4702; baseline -0.005 -22"><span class='ocrx_word' id='word_1_296' title='bbox 476 4609 608 4702; x_wconf 90' lang='lat' dir='ltr'>ltaque</span> <span class='ocrx_word' id='word_1_297' title='bbox 651 4604 748 4676; x_wconf 84' lang='lat' dir='ltr'>vires</span> <span class='ocrx_word' id='word_1_298' title='bbox 791 4601 1004 4695; x_wconf 84' lang='lat' dir='ltr'>centripetae</span> <span class='ocrx_word' id='word_1_299' title='bbox 1048 4597 1278 4693; x_wconf 89' lang='lat' dir='ltr'>planetarum</span> <span class='ocrx_word' id='word_1_300' title='bbox 1323 4598 1488 4670; x_wconf 91' lang='lat' dir='ltr'>omnium</span> <span class='ocrx_word' id='word_1_301' title='bbox 1532 4614 1617 4670; x_wconf 87' lang='lat' dir='ltr'>sunt</span> <span class='ocrx_word' id='word_1_302' title='bbox 1662 4599 1846 4693; x_wconf 88' lang='lat' dir='ltr'>reciproce</span> <span class='ocrx_word' id='word_1_303' title='bbox 1889 4619 1930 4674; x_wconf 92' lang='lat' dir='ltr'>ut</span> 
     </span>
     <span class='ocr_line' id='line_1_37' title="bbox 472 4715 1926 4820; baseline -0.003 -24"><span class='ocrx_word' id='word_1_304' title='bbox 472 4723 652 4820; x_wconf 87' lang='lat' dir='ltr'>quadrata</span> <span class='ocrx_word' id='word_1_305' title='bbox 671 4721 926 4792; x_wconf 86' lang='lat' dir='ltr'>distantiarum</span> <span class='ocrx_word' id='word_1_306' title='bbox 945 4717 991 4789; x_wconf 91' lang='lat' dir='ltr'>ab</span> <span class='ocrx_word' id='word_1_307' title='bbox 1010 4716 1153 4789; x_wconf 92' lang='lat' dir='ltr'>orbium</span> <span class='ocrx_word' id='word_1_308' title='bbox 1173 4716 1316 4788; x_wconf 90' lang='lat' dir='ltr'>centris.</span> <span class='ocrx_word' id='word_1_309' title='bbox 1372 4716 1412 4786; x_wconf 86' lang='lat' dir='ltr'>Si</span> <span class='ocrx_word' id='word_1_310' title='bbox 1429 4715 1510 4810; x_wconf 91' lang='lat' dir='ltr'>quis</span> <span class='ocrx_word' id='word_1_311' title='bbox 1525 4715 1673 4811; x_wconf 89' lang='lat' dir='ltr'>objiciat</span> <span class='ocrx_word' id='word_1_312' title='bbox 1687 4717 1926 4811; x_wconf 81' lang='lat' dir='ltr'>planetarum.</span> 
     </span>
     <span class='ocr_line' id='line_1_38' title="bbox 473 4832 1924 4934; baseline -0.004 -18"><span class='ocrx_word' id='word_1_313' title='bbox 473 4845 508 4916; x_wconf 72' lang='lat' dir='ltr'>dt</span> <span class='ocrx_word' id='word_1_314' title='bbox 526 4842 622 4915; x_wconf 80' lang='lat' dir='ltr'>luna:</span> <span class='ocrx_word' id='word_1_315' title='bbox 642 4839 855 4934; x_wconf 62' lang='lat' dir='ltr'>praesertim,</span> <span class='ocrx_word' id='word_1_316' title='bbox 874 4837 1023 4931; x_wconf 86' lang='lat' dir='ltr'>apsides</span> <span class='ocrx_word' id='word_1_317' title='bbox 1043 4860 1116 4908; x_wconf 93' lang='lat' dir='ltr'>non</span> <span class='ocrx_word' id='word_1_318' title='bbox 1135 4835 1282 4929; x_wconf 90' lang='lat' dir='ltr'>penitus</span> <span class='ocrx_word' id='word_1_319' title='bbox 1301 4835 1510 4928; x_wconf 88' lang='lat' dir='ltr'>quiescere;</span> <span class='ocrx_word' id='word_1_320' title='bbox 1538 4832 1603 4905; x_wconf 86' lang='lat' dir='ltr'>sed</span> <span class='ocrx_word' id='word_1_321' title='bbox 1633 4851 1734 4906; x_wconf 88' lang='lat' dir='ltr'>motu</span> <span class='ocrx_word' id='word_1_322' title='bbox 1764 4837 1924 4931; x_wconf 90' lang='lat' dir='ltr'>quodam</span> 
     </span>
    </p>
   </div>
   <div class='ocr_carea' id='block_1_3' title="bbox 0 0 2060 5782">
    <p class='ocr_par' dir='ltr' id='par_1_6' title="bbox 0 0 2060 5782">
     <span class='ocr_line' id='line_1_39' title="bbox 0 0 2060 5782; baseline 0 5"><span class='ocrx_word' id='word_1_323' title='bbox 0 0 2060 5782; x_wconf 95' lang='lat' dir='ltr'> </span> 
     </span>
    </p>
   </div>
  </div>
 </body>
</html>
