4088 5768
843 488 985 547 arnna
1005 489 1189 551 PRIMUS.
1681 515 1746 587 125

408 742 780 817 PROPOSITIO
834 744 955 822 XLI.
1013 747 1347 820 PROBLEMA
1403 748 1632 824 XXVIII.

290 927 420 1001 Posito
444 926 687 1022 cujuscunque
701 925 848 1021 generis
873 925 914 997 vi
926 926 1121 1022 centnpela
1141 929 1190 1005 ὃ
1211 927 1376 1000 concessis
1386 925 1611 1023 figurarum
1628 928 1748 1002 curvi·

343 1044 528 1117 linearum
570 1042 823 1139 prodromis,
866 1042 1115 1138 requiruntur
1155 1053 1235 1115 tum
1279 1044 1495 1140 trajectorz'oe
1537 1045 1578 1118 in
1620 1047 1751 1143 quibus

340 1172 492 1258 corporo
510 1161 758 1248 movebuntur,
778 1168 858 1232 lum
877 1169 1038 1255 tempora
1054 1170 1219 1233 motuum
1236 1160 1278 1233 in
1296 1150 1516 1259 trajectoriz's
1531 1162 1697 1238 z'noentis.

360 1341 512 1414 Tendat
536 1340 594 1413 vis
621 1338 796 1435 quaelibet
821 1340 870 1412 ad
896 1355 1063 1412 centrum
1093 1340 1127 1413 C
1150 1340 1186 1413 81
1213 1340 1436 1414 invenienda
1465 1342 1514 1415 sit
1544 1344 1751 1441 trajectoria

300 1457 339 1530 V
343 1459 373 1530 I
379 1458 427 1529 K
432 1458 465 1530 k.
522 1457 645 1529 Detur
666 1453 822 1528 circulus
853 1457 935 1528 VR
965 1473 1092 1530 centro
1125 1456 1159 1529 C
1187 1456 1380 1531 intervallo
1407 1458 1541 1553 quovis
1571 1459 1662 1533 CV
1686 1460 1749 1534 de-

290 1575 458 1670 scriptuS,
487 1588 689 1668 centroque
719 1571 853 1645 eodem
878 1572 1135 1647 describantur
1159 1571 1219 1646 alii
1247 1575 1368 1671 quivis
1394 1574 1519 1649 circuli
1544 1577 1631 1662 ID,
1658 1578 1754 1649 ΚΕ

290 1689 537 1788 trajectoriam
563 1703 731 1762 secantes
758 1688 796 1760 in
821 1689 851 1759 I
873 1688 909 1762 &
933 1691 983 1762 K
1004 1704 1216 1786 rectamque
1246 1690 1334 1764 CV
1354 1691 1392 1763 in
1417 1693 1460 1764 D
1485 1690 1522 1764 ἃ
1547 1693 1595 1766 Ε.
1663 1693 1751 1792 Age

292 1824 372 1880 tum
399 1823 537 1880 rectam
567 1807 602 1879 C
607 1807 658 1878 N
664 1807 692 1877 l
699 1805 745 1878 X
769 1821 958 1880 secantem
985 1806 1139 1880 circulos
1164 1809 1214 1880 K
1219 1809 1268 1895 E,
1300 1810 1383 1881 VR
1409 1809 1446 1883 in
1471 1810 1522 1884 N
1545 1810 1582 1883 &
1599 1810 1653 1897 X,
1672 1825 1751 1883 tum

292 1940 431 1999 rectam
465 1924 555 1998 CK
567 1923 607 1996 V
628 1940 883 1997 occurrentem
909 1922 1044 1998 circulo
1079 1924 1161 1997 VR
1187 1924 1225 1997 in
1256 1926 1299 2000 V.
1354 1927 1440 2000 Sint
1464 1943 1589 2001 autem
1614 1943 1753 2023 puncta

291 2044 321 2114 I
343 2042 381 2115 81
405 2042 455 2113 K
475 2041 544 2114 sibi
572 2041 731 2114 invicem
757 2040 991 2127 vicinissima‚
1012 2040 1048 2114 82
1073 2056 1206 2140 pergat
1231 2068 1365 2140 corpus
1382 2044 1430 2117 ab
1457 2043 1496 2116 V
1506 2069 1575 2140 per
1595 2045 1625 2116 l
1647 2043 1683 2117 &
1708 2045 1757 2116 K

865 2175 886 2218 Α
893 2194 1045 2377 Ι,

290 3986 340 4059 ad
376 3984 428 4070 k,·
466 3981 587 4078 sitque
622 3993 799 4076 punctum
834 3978 875 4050 A
913 3975 1015 4051 locus
1051 3974 1111 4049 ille
1144 3975 1193 4048 de
1223 3999 1300 4070 quo
1327 3996 1460 4068 corpus
1490 3966 1589 4041 aliud
1618 3963 1749 4038 cadere

290 4102 414 4188 debet
434 4115 476 4174 ut
502 4099 537 4171 in
564 4097 645 4171 loco
670 4098 713 4169 D
738 4093 972 4170 velocitatem
998 4093 1163 4190 acquirat
1184 4088 1366 4187 aequalem
1382 4083 1569 4161 velocitati
1587 4079 1750 4176 corporis

292 4218 425 4316 prioris
453 4217 489 4289 in
515 4217 548 4290 l.
605 4214 658 4287 Et
683 4213 868 4286 stantibus
894 4237 979 4308 quae
1006 4210 1043 4284 in
1069 4209 1322 4307 propositione
1348 4228 1479 4290 xxxnr,
1498 4198 1633 4276 lineola
1657 4199 1687 4270 I
1695 4196 1748 4281 K,

290 4337 381 4411 dato
408 4349 575 4429 tempore
601 4355 712 4428 quam
739 4329 893 4402 minimo
918 4328 1111 4425 descripta,
1139 4326 1209 4401 erit
1238 4340 1280 4397 ut
1309 4320 1494 4406 velocitas
1522 4333 1635 4414 atque
1665 4312 1750 4386 ideo

292 4470 334 4528 ut
373 4467 473 4525 recta
499 4474 583 4545 quae
609 4462 734 4544 potest
762 4471 887 4519 aream
912 4447 997 4519 AB
1006 4447 1048 4518 F
1053 4447 1104 4533 D,
1133 4444 1169 4518 &
1195 4436 1419 4538 triangulum
1445 4437 1474 4507 I
1484 4435 1572 4508 CK
1593 4429 1750 4527 tempori

290 4564 566 4669 proportionale
596 4564 752 4650 dabitur,
784 4561 944 4660 ideoque
973 4564 1023 4636 K
1030 4563 1082 4634 N
1107 4562 1177 4635 erit
1204 4559 1389 4653 reciproce
1419 4569 1461 4627 ut
1490 4550 1646 4625 altitudo
1671 4549 1701 4621 I
1709 4547 1749 4633 C,

291 4697 330 4771 id
357 4702 424 4773 est,
443 4685 474 4758 si
500 4685 609 4758 detur
634 4685 822 4779 quantitas
847 4679 970 4779 aliqua
997 4681 1045 4774 Q,
1065 4678 1101 4752 &
1127 4676 1284 4752 altitudo
1308 4675 1338 4746 l
1350 4672 1384 4745 C
1407 4670 1617 4746 nominetur
1642 4666 1691 4753 A,
1709 4679 1752 4737 ut

290 4800 342 4922 9.,
401 4845 512 4919 Hanc
538 4836 784 4933 quantitatem
808 4779 847 4979 {-
873 4835 1105 4908 nominemus
1124 4829 1166 4917 Z,
1185 4827 1221 4901 &
1247 4849 1429 4923 ponamus
1446 4847 1528 4896 eam
1547 4843 1630 4895 esse
1647 4840 1749 4913 mag-

293 4921 331 4994 A
